<?xml version="1.0" encoding="UTF-8"?>
<!DOCTYPE html PUBLIC "-//W3C//DTD XHTML 1.0 Transitional//EN"
    "http://www.w3.org/TR/xhtml1/DTD/xhtml1-transitional.dtd">
<html xmlns="http://www.w3.org/1999/xhtml" xml:lang="en" lang="en">
 <head>
  <title>
</title>
<meta http-equiv="Content-Type" content="text/html;charset=utf-8" />
  <meta name='ocr-system' content='tesseract 3.04.00' />
  <meta name='ocr-capabilities' content='ocr_page ocr_carea ocr_par ocr_line ocrx_word'/>
</head>
<body>
  <div class='ocr_page' id='page_1' title='image "./csuetonitranqui01suetgoog_0212.png"; bbox 0 0 2256 3930; ppageno 0'>
   <div class='ocr_carea' id='block_1_1' title="bbox 549 214 1122 278">
    <p class='ocr_par' dir='ltr' id='par_1_1' title="bbox 549 214 1122 278">
     <span class='ocr_line' id='line_1_1' title="bbox 549 214 1122 278; baseline 0.005 -3"><span class='ocrx_word' id='word_1_1' title='bbox 549 227 722 276; x_wconf 82' lang='lat' dir='ltr'><strong>arsamus.</strong></span> <span class='ocrx_word' id='word_1_2' title='bbox 1062 214 1122 278; x_wconf 83' lang='lat'><strong>103</strong></span> 
     </span>
    </p>
   </div>
   <div class='ocr_carea' id='block_1_2' title="bbox 86 379 1124 3572">
    <p class='ocr_par' dir='ltr' id='par_1_2' title="bbox 86 379 1124 3572">
     <span class='ocr_line' id='line_1_2' title="bbox 122 379 1123 469; baseline -0.007 -20"><span class='ocrx_word' id='word_1_3' title='bbox 122 408 177 469; x_wconf 92' lang='lat' dir='ltr'><strong>pro</strong></span> <span class='ocrx_word' id='word_1_4' title='bbox 196 388 237 447; x_wconf 91' lang='lat' dir='ltr'><strong>itu</strong></span> <span class='ocrx_word' id='word_1_5' title='bbox 252 393 280 446; x_wconf 91' lang='lat' dir='ltr'><strong>et</strong></span> <span class='ocrx_word' id='word_1_6' title='bbox 298 383 391 445; x_wconf 90' lang='lat' dir='ltr'><strong>reditu</strong></span> <span class='ocrx_word' id='word_1_7' title='bbox 407 400 459 443; x_wconf 90' lang='lat' dir='ltr'><strong>suo</strong></span> <span class='ocrx_word' id='word_1_8' title='bbox 476 384 584 462; x_wconf 89' lang='lat' dir='ltr'><strong>suscipi</strong></span> <span class='ocrx_word' id='word_1_9' title='bbox 599 401 718 462; x_wconf 90' lang='lat' dir='ltr'><strong>passus,</strong></span> <span class='ocrx_word' id='word_1_10' title='bbox 740 390 770 440; x_wconf 89' lang='lat' dir='ltr'><strong>ut</strong></span> <span class='ocrx_word' id='word_1_11' title='bbox 785 379 874 459; x_wconf 75' lang='lat' dir='ltr'><strong>vulgo</strong></span> <span class='ocrx_word' id='word_1_12' title='bbox 888 382 943 442; x_wconf 86' lang='lat' dir='ltr'><strong>iarn</strong></span> <span class='ocrx_word' id='word_1_13' title='bbox 959 400 1013 459; x_wconf 88' lang='lat' dir='ltr'><strong>per</strong></span> <span class='ocrx_word' id='word_1_14' title='bbox 1027 383 1123 442; x_wconf 90' lang='lat' dir='ltr'><strong>iocum</strong></span> 
     </span>
     <span class='ocr_line' id='line_1_3' title="bbox 123 465 1123 550; baseline -0.007 -17"><span class='ocrx_word' id='word_1_15' title='bbox 123 472 189 534; x_wconf 82' lang='lat' dir='ltr'><strong>Gal</strong></span> <span class='ocrx_word' id='word_1_16' title='bbox 199 471 224 530; x_wconf 94' lang='lat' dir='ltr'><strong>li</strong></span> <span class='ocrx_word' id='word_1_17' title='bbox 234 490 252 550; x_wconf 87' lang='lat' dir='ltr'>p</span> <span class='ocrx_word' id='word_1_18' title='bbox 260 488 278 548; x_wconf 89' lang='lat' dir='ltr'>p</span> <span class='ocrx_word' id='word_1_19' title='bbox 287 469 365 529; x_wconf 92' lang='lat' dir='ltr'><strong>ides</strong></span> <span class='ocrx_word' id='word_1_20' title='bbox 377 476 531 528; x_wconf 89' lang='lat' dir='ltr'><strong>vocaretur</strong></span> <span class='ocrx_word' id='word_1_21' title='bbox 544 470 645 547; x_wconf 89' lang='lat' dir='ltr'><strong>(quem</strong></span> <span class='ocrx_word' id='word_1_22' title='bbox 658 466 797 526; x_wconf 78' lang='lat' dir='ltr'><strong>cursitare</strong></span> <span class='ocrx_word' id='word_1_23' title='bbox 810 483 844 527; x_wconf 89' lang='lat' dir='ltr'><strong>ao</strong></span> <span class='ocrx_word' id='word_1_24' title='bbox 855 484 893 526; x_wconf 91' lang='lat' dir='ltr'><strong>ne</strong></span> <span class='ocrx_word' id='word_1_25' title='bbox 907 465 995 527; x_wconf 92' lang='lat' dir='ltr'><strong>cubiti</strong></span> <span class='ocrx_word' id='word_1_26' title='bbox 1008 466 1123 545; x_wconf 88' lang='lat' dir='ltr'><strong>quidem</strong></span> 
     </span>
     <span class='ocr_line' id='line_1_4' title="bbox 121 547 1122 632; baseline -0.005 -16"><span class='ocrx_word' id='word_1_27' title='bbox 121 573 283 617; x_wconf 88' lang='lat' dir='ltr'><strong>mensuram</strong></span> <span class='ocrx_word' id='word_1_28' title='bbox 300 550 440 632; x_wconf 76' lang='lat' dir='ltr'><strong>progredi</strong></span> <span class='ocrx_word' id='word_1_29' title='bbox 455 551 614 629; x_wconf 85' lang='lat' dir='ltr'><strong>proverbio</strong></span> <span class='ocrx_word' id='word_1_30' title='bbox 630 547 742 611; x_wconf 84' lang='lat' dir='ltr'><strong>Graeco</strong></span> <span class='ocrx_word' id='word_1_31' title='bbox 758 557 884 610; x_wconf 89' lang='lat' dir='ltr'><strong>notatum</strong></span> <span class='ocrx_word' id='word_1_32' title='bbox 899 549 970 628; x_wconf 88' lang='lat' dir='ltr'><strong>est).</strong></span> <span class='ocrx_word' id='word_1_33' title='bbox 1002 551 1061 611; x_wconf 88' lang='lat' dir='ltr'><strong>Sed</strong></span> <span class='ocrx_word' id='word_1_34' title='bbox 1076 568 1122 611; x_wconf 93' lang='lat' dir='ltr'><strong>or·</strong></span> 
     </span>
     <span class='ocr_line' id='line_1_5' title="bbox 121 633 1123 716; baseline -0.005 -16"><span class='ocrx_word' id='word_1_35' title='bbox 121 643 206 700; x_wconf 86' lang='lat' dir='ltr'><strong>batus</strong></span> <span class='ocrx_word' id='word_1_36' title='bbox 230 648 355 716; x_wconf 91' lang='lat' dir='ltr'><strong>utroque</strong></span> <span class='ocrx_word' id='word_1_37' title='bbox 375 635 453 711; x_wconf 86' lang='lat' dir='ltr'><strong>lilio,</strong></span> <span class='ocrx_word' id='word_1_38' title='bbox 482 652 602 714; x_wconf 92' lang='lat' dir='ltr'><strong>quorum</strong></span> <span class='ocrx_word' id='word_1_39' title='bbox 624 633 810 695; x_wconf 85' lang='lat' dir='ltr'><strong>Germanicus</strong></span> <span class='ocrx_word' id='word_1_40' title='bbox 838 635 867 693; x_wconf 92' lang='lat' dir='ltr'><strong>in</strong></span> <span class='ocrx_word' id='word_1_41' title='bbox 889 634 987 711; x_wconf 71' lang='lat' dir='ltr'><strong>Syria,</strong></span> <span class='ocrx_word' id='word_1_42' title='bbox 1013 634 1123 695; x_wconf 83' lang='lat' dir='ltr'><strong>Drusus</strong></span> 
     </span>
     <span class='ocr_line' id='line_1_6' title="bbox 88 716 1123 798; baseline -0.002 -18"><span class='ocrx_word' id='word_1_43' title='bbox 88 739 110 780; x_wconf 79' lang='lat' dir='ltr'><strong>s</strong></span> <span class='ocrx_word' id='word_1_44' title='bbox 121 726 233 786; x_wconf 86' lang='lat' dir='ltr'><strong>Romae</strong></span> <span class='ocrx_word' id='word_1_45' title='bbox 249 721 375 796; x_wconf 87' lang='lat' dir='ltr'><strong>obierat,</strong></span> <span class='ocrx_word' id='word_1_46' title='bbox 396 737 545 778; x_wconf 87' lang='lat' dir='ltr'><strong>secessum</strong></span> <span class='ocrx_word' id='word_1_47' title='bbox 560 716 734 797; x_wconf 81' lang='lat' dir='ltr'><strong>Campaniae</strong></span> <span class='ocrx_word' id='word_1_48' title='bbox 753 718 839 795; x_wconf 88' lang='lat' dir='ltr'><strong>petit;</strong></span> <span class='ocrx_word' id='word_1_49' title='bbox 863 721 1003 778; x_wconf 78' lang='lat' dir='ltr'><strong>constanti</strong></span> <span class='ocrx_word' id='word_1_50' title='bbox 1020 728 1049 779; x_wconf 88' lang='lat' dir='ltr'><strong>et</strong></span> <span class='ocrx_word' id='word_1_51' title='bbox 1061 721 1123 798; x_wconf 92' lang='lat' dir='ltr'><strong>opi·</strong></span> 
     </span>
     <span class='ocr_line' id='line_1_7' title="bbox 119 801 1122 882; baseline -0.005 -15"><span class='ocrx_word' id='word_1_52' title='bbox 119 810 207 868; x_wconf 89' lang='lat' dir='ltr'><strong>nione</strong></span> <span class='ocrx_word' id='word_1_53' title='bbox 229 815 257 865; x_wconf 89' lang='lat' dir='ltr'><strong>et</strong></span> <span class='ocrx_word' id='word_1_54' title='bbox 278 821 412 864; x_wconf 89' lang='lat' dir='ltr'><strong>sermone</strong></span> <span class='ocrx_word' id='word_1_55' title='bbox 431 821 524 882; x_wconf 87' lang='lat' dir='ltr'><strong>paene</strong></span> <span class='ocrx_word' id='word_1_56' title='bbox 547 803 671 862; x_wconf 89' lang='lat' dir='ltr'><strong>omniurn</strong></span> <span class='ocrx_word' id='word_1_57' title='bbox 692 801 773 879; x_wconf 91' lang='lat' dir='ltr'><strong>quasi</strong></span> <span class='ocrx_word' id='word_1_58' title='bbox 797 819 891 881; x_wconf 88' lang='lat' dir='ltr'><strong>neque</strong></span> <span class='ocrx_word' id='word_1_59' title='bbox 906 801 1051 863; x_wconf 87' lang='lat' dir='ltr'><strong>rediturus</strong></span> <span class='ocrx_word' id='word_1_60' title='bbox 1064 822 1122 862; x_wconf 88' lang='lat' dir='ltr'><strong>uru-</strong></span> 
     </span>
     <span class='ocr_line' id='line_1_8' title="bbox 120 884 1124 971; baseline -0.004 -20"><span class='ocrx_word' id='word_1_61' title='bbox 120 909 205 971; x_wconf 91' lang='lat' dir='ltr'><strong>quam</strong></span> <span class='ocrx_word' id='word_1_62' title='bbox 233 899 260 948; x_wconf 91' lang='lat' dir='ltr'><strong>et</strong></span> <span class='ocrx_word' id='word_1_63' title='bbox 286 890 343 948; x_wconf 88' lang='lat' dir='ltr'><strong>cito</strong></span> <span class='ocrx_word' id='word_1_64' title='bbox 368 897 490 947; x_wconf 88' lang='lat' dir='ltr'><strong>mortem</strong></span> <span class='ocrx_word' id='word_1_65' title='bbox 515 888 601 948; x_wconf 90' lang='lat' dir='ltr'><strong>etiam</strong></span> <span class='ocrx_word' id='word_1_66' title='bbox 628 884 766 945; x_wconf 90' lang='lat' dir='ltr'><strong>obiturus.</strong></span> <span class='ocrx_word' id='word_1_67' title='bbox 807 885 892 961; x_wconf 85' lang='lat' dir='ltr'><strong>Quod</strong></span> <span class='ocrx_word' id='word_1_68' title='bbox 917 885 1004 964; x_wconf 89' lang='lat' dir='ltr'><strong>paulo</strong></span> <span class='ocrx_word' id='word_1_69' title='bbox 1032 889 1124 947; x_wconf 89' lang='lat' dir='ltr'><strong>minus</strong></span> 
     </span>
     <span class='ocr_line' id='line_1_9' title="bbox 118 969 1124 1052; baseline -0.005 -17"><span class='ocrx_word' id='word_1_70' title='bbox 118 985 269 1052; x_wconf 87' lang='lat' dir='ltr'><strong>utrumque</strong></span> <span class='ocrx_word' id='word_1_71' title='bbox 288 973 398 1040; x_wconf 84' lang='lat' dir='ltr'><strong>evenit;</strong></span> <span class='ocrx_word' id='word_1_72' title='bbox 413 989 477 1032; x_wconf 87' lang='lat' dir='ltr'><strong>nam</strong></span> <span class='ocrx_word' id='word_1_73' title='bbox 489 988 583 1050; x_wconf 90' lang='lat' dir='ltr'><strong>neque</strong></span> <span class='ocrx_word' id='word_1_74' title='bbox 593 971 714 1030; x_wconf 84' lang='lat' dir='ltr'><strong>Romam</strong></span> <span class='ocrx_word' id='word_1_75' title='bbox 728 969 851 1048; x_wconf 90' lang='lat' dir='ltr'><strong>amplius</strong></span> <span class='ocrx_word' id='word_1_76' title='bbox 862 969 957 1046; x_wconf 87' lang='lat' dir='ltr'><strong>rediit,</strong></span> <span class='ocrx_word' id='word_1_77' title='bbox 973 979 1002 1029; x_wconf 87' lang='lat' dir='ltr'><strong>et</strong></span> <span class='ocrx_word' id='word_1_78' title='bbox 1014 987 1124 1049; x_wconf 87' lang='lat' dir='ltr'><strong>pancos</strong></span> 
     </span>
     <span class='ocr_line' id='line_1_10' title="bbox 120 1054 1123 1138; baseline -0.005 -20"><span class='ocrx_word' id='word_1_79' title='bbox 120 1068 190 1138; x_wconf 92' lang='lat' dir='ltr'><strong>post</strong></span> <span class='ocrx_word' id='word_1_80' title='bbox 210 1059 272 1117; x_wconf 92' lang='lat' dir='ltr'><strong>dies</strong></span> <span class='ocrx_word' id='word_1_81' title='bbox 293 1057 371 1116; x_wconf 82' lang='lat' dir='ltr'><strong>iuxta</strong></span> <span class='ocrx_word' id='word_1_82' title='bbox 387 1055 571 1116; x_wconf 78' lang='lat' dir='ltr'><strong>Tarracinam</strong></span> <span class='ocrx_word' id='word_1_83' title='bbox 592 1055 620 1112; x_wconf 92' lang='lat' dir='ltr'><strong>in</strong></span> <span class='ocrx_word' id='word_1_84' title='bbox 644 1055 808 1132; x_wconf 87' lang='lat' dir='ltr'><strong>praetorio,</strong></span> <span class='ocrx_word' id='word_1_85' title='bbox 832 1056 876 1114; x_wconf 89' lang='lat' dir='ltr'><strong>cui</strong></span> <span class='ocrx_word' id='word_1_86' title='bbox 893 1054 1058 1134; x_wconf 78' lang='lat' dir='ltr'><strong>Speluncae</strong></span> <span class='ocrx_word' id='word_1_87' title='bbox 1073 1071 1123 1114; x_wconf 92' lang='lat' dir='ltr'><strong>no-</strong></span> 
     </span>
     <span class='ocr_line' id='line_1_11' title="bbox 92 1138 1123 1218; baseline -0.003 -16"><span class='ocrx_word' id='word_1_88' title='bbox 92 1159 187 1202; x_wconf 92' lang='lat' dir='ltr'><strong>omen</strong></span> <span class='ocrx_word' id='word_1_89' title='bbox 206 1151 266 1218; x_wconf 88' lang='lat' dir='ltr'><strong>est,</strong></span> <span class='ocrx_word' id='word_1_90' title='bbox 293 1141 464 1200; x_wconf 88' lang='lat' dir='ltr'><strong>incaenante</strong></span> <span class='ocrx_word' id='word_1_91' title='bbox 486 1156 522 1198; x_wconf 88' lang='lat' dir='ltr'><strong>eo</strong></span> <span class='ocrx_word' id='word_1_92' title='bbox 545 1138 694 1217; x_wconf 89' lang='lat' dir='ltr'><strong>complura</strong></span> <span class='ocrx_word' id='word_1_93' title='bbox 712 1146 741 1197; x_wconf 91' lang='lat' dir='ltr'><strong>et</strong></span> <span class='ocrx_word' id='word_1_94' title='bbox 763 1139 893 1216; x_wconf 87' lang='lat' dir='ltr'><strong>ingentia</strong></span> <span class='ocrx_word' id='word_1_95' title='bbox 914 1157 983 1200; x_wconf 83' lang='lat' dir='ltr'><strong>saxa</strong></span> <span class='ocrx_word' id='word_1_96' title='bbox 1003 1139 1123 1200; x_wconf 81' lang='lat' dir='ltr'><strong>fortuito</strong></span> 
     </span>
     <span class='ocr_line' id='line_1_12' title="bbox 120 1223 1124 1303; baseline -0.002 -18"><span class='ocrx_word' id='word_1_97' title='bbox 120 1244 248 1303; x_wconf 86' lang='lat' dir='ltr'><strong>superne</strong></span> <span class='ocrx_word' id='word_1_98' title='bbox 268 1223 388 1302; x_wconf 89' lang='lat' dir='ltr'><strong>delapsa</strong></span> <span class='ocrx_word' id='word_1_99' title='bbox 409 1232 489 1299; x_wconf 90' lang='lat' dir='ltr'><strong>sunt,</strong></span> <span class='ocrx_word' id='word_1_100' title='bbox 511 1223 665 1302; x_wconf 88' lang='lat' dir='ltr'><strong>multisque</strong></span> <span class='ocrx_word' id='word_1_101' title='bbox 681 1223 868 1284; x_wconf 81' lang='lat' dir='ltr'><strong>convivarum</strong></span> <span class='ocrx_word' id='word_1_102' title='bbox 883 1231 912 1282; x_wconf 87' lang='lat' dir='ltr'><strong>et</strong></span> <span class='ocrx_word' id='word_1_103' title='bbox 929 1223 1124 1283; x_wconf 90' lang='lat' dir='ltr'><strong>ministrorum</strong></span> 
     </span>
     <span class='ocr_line' id='line_1_13' title="bbox 119 1309 563 1388; baseline -0.009 -18"><span class='ocrx_word' id='word_1_104' title='bbox 119 1310 214 1386; x_wconf 91' lang='lat' dir='ltr'><strong>elisis,</strong></span> <span class='ocrx_word' id='word_1_105' title='bbox 234 1317 350 1388; x_wconf 90' lang='lat' dir='ltr'><strong>praeter</strong></span> <span class='ocrx_word' id='word_1_106' title='bbox 365 1326 446 1386; x_wconf 90' lang='lat' dir='ltr'><strong>spem</strong></span> <span class='ocrx_word' id='word_1_107' title='bbox 462 1309 563 1369; x_wconf 85' lang='lat' dir='ltr'><strong>evasit.</strong></span> 
     </span>
     <span class='ocr_line' id='line_1_14' title="bbox 184 1388 1123 1475; baseline -0.001 -22"><span class='ocrx_word' id='word_1_108' title='bbox 184 1394 339 1470; x_wconf 78' lang='lat' dir='ltr'><strong>Peragrata</strong></span> <span class='ocrx_word' id='word_1_109' title='bbox 371 1389 539 1470; x_wconf 81' lang='lat' dir='ltr'><strong>Campania,</strong></span> <span class='ocrx_word' id='word_1_110' title='bbox 571 1390 779 1475; x_wconf 78' lang='lat' dir='ltr'><strong>cumcapuae</strong></span> <span class='ocrx_word' id='word_1_111' title='bbox 809 1388 998 1469; x_wconf 81' lang='lat' dir='ltr'><strong>Capitolium,</strong></span> <span class='ocrx_word' id='word_1_112' title='bbox 1028 1389 1123 1452; x_wconf 87' lang='lat' dir='ltr'><strong>Nolae</strong></span> 
     </span>
     <span class='ocr_line' id='line_1_15' title="bbox 119 1473 1123 1556; baseline -0.002 -18"><span class='ocrx_word' id='word_1_113' title='bbox 119 1477 257 1555; x_wconf 91' lang='lat' dir='ltr'><strong>templum</strong></span> <span class='ocrx_word' id='word_1_114' title='bbox 279 1475 416 1553; x_wconf 78' lang='lat' dir='ltr'><strong>Augusti,</strong></span> <span class='ocrx_word' id='word_1_115' title='bbox 444 1493 527 1554; x_wconf 93' lang='lat' dir='ltr'><strong>quam</strong></span> <span class='ocrx_word' id='word_1_116' title='bbox 555 1494 670 1537; x_wconf 89' lang='lat' dir='ltr'><strong>oausam</strong></span> <span class='ocrx_word' id='word_1_117' title='bbox 695 1475 886 1556; x_wconf 84' lang='lat' dir='ltr'><strong>profectionis</strong></span> <span class='ocrx_word' id='word_1_118' title='bbox 906 1473 1123 1555; x_wconf 87' lang='lat' dir='ltr'><strong>praetenderat,</strong></span> 
     </span>
     <span class='ocr_line' id='line_1_16' title="bbox 86 1559 1123 1639; baseline -0.003 -18"><span class='ocrx_word' id='word_1_119' title='bbox 86 1573 109 1614; x_wconf 66' lang='lat' dir='ltr'><strong>n</strong></span> <span class='ocrx_word' id='word_1_120' title='bbox 119 1561 297 1637; x_wconf 87' lang='lat' dir='ltr'><strong>dedicasset,</strong></span> <span class='ocrx_word' id='word_1_121' title='bbox 319 1559 448 1638; x_wconf 79' lang='lat' dir='ltr'><strong>Capreas</strong></span> <span class='ocrx_word' id='word_1_122' title='bbox 465 1578 497 1619; x_wconf 94' lang='lat' dir='ltr'><strong>se</strong></span> <span class='ocrx_word' id='word_1_123' title='bbox 513 1561 648 1637; x_wconf 88' lang='lat' dir='ltr'><strong>contulit,</strong></span> <span class='ocrx_word' id='word_1_124' title='bbox 671 1561 830 1639; x_wconf 88' lang='lat' dir='ltr'><strong>praecipue</strong></span> <span class='ocrx_word' id='word_1_125' title='bbox 845 1559 1007 1620; x_wconf 87' lang='lat' dir='ltr'><strong>delectatus</strong></span> <span class='ocrx_word' id='word_1_126' title='bbox 1021 1559 1123 1636; x_wconf 89' lang='lat' dir='ltr'><strong>insula,</strong></span> 
     </span>
     <span class='ocr_line' id='line_1_17' title="bbox 120 1643 1124 1724; baseline 0.002 -21"><span class='ocrx_word' id='word_1_127' title='bbox 120 1644 198 1724; x_wconf 93' lang='lat' dir='ltr'><strong>quod</strong></span> <span class='ocrx_word' id='word_1_128' title='bbox 215 1662 271 1704; x_wconf 91' lang='lat' dir='ltr'><strong>uuo</strong></span> <span class='ocrx_word' id='word_1_129' title='bbox 288 1660 439 1722; x_wconf 84' lang='lat' dir='ltr'><strong>parvoque</strong></span> <span class='ocrx_word' id='word_1_130' title='bbox 454 1643 539 1704; x_wconf 87' lang='lat' dir='ltr'><strong>litore</strong></span> <span class='ocrx_word' id='word_1_131' title='bbox 554 1645 694 1721; x_wconf 88' lang='lat' dir='ltr'><strong>adiretur,</strong></span> <span class='ocrx_word' id='word_1_132' title='bbox 717 1653 802 1723; x_wconf 89' lang='lat' dir='ltr'><strong>septa</strong></span> <span class='ocrx_word' id='word_1_133' title='bbox 817 1643 943 1722; x_wconf 89' lang='lat' dir='ltr'><strong>undique</strong></span> <span class='ocrx_word' id='word_1_134' title='bbox 959 1645 1124 1724; x_wconf 87' lang='lat' dir='ltr'><strong>praeruptis</strong></span> 
     </span>
     <span class='ocr_line' id='line_1_18' title="bbox 118 1727 1123 1808; baseline 0.002 -22"><span class='ocrx_word' id='word_1_135' title='bbox 118 1732 274 1789; x_wconf 87' lang='lat' dir='ltr'><strong>immensae</strong></span> <span class='ocrx_word' id='word_1_136' title='bbox 298 1727 453 1787; x_wconf 89' lang='lat' dir='ltr'><strong>altitudinis</strong></span> <span class='ocrx_word' id='word_1_137' title='bbox 478 1728 597 1807; x_wconf 89' lang='lat' dir='ltr'><strong>rupibus</strong></span> <span class='ocrx_word' id='word_1_138' title='bbox 625 1738 655 1789; x_wconf 87' lang='lat' dir='ltr'><strong>et</strong></span> <span class='ocrx_word' id='word_1_139' title='bbox 680 1728 826 1808; x_wconf 84' lang='lat' dir='ltr'><strong>profundo</strong></span> <span class='ocrx_word' id='word_1_140' title='bbox 852 1730 933 1788; x_wconf 89' lang='lat' dir='ltr'><strong>mari.</strong></span> <span class='ocrx_word' id='word_1_141' title='bbox 965 1729 1123 1808; x_wconf 88' lang='lat' dir='ltr'><strong>Statimque</strong></span> 
     </span>
     <span class='ocr_line' id='line_1_19' title="bbox 119 1811 1123 1892; baseline 0 -20"><span class='ocrx_word' id='word_1_142' title='bbox 119 1821 277 1874; x_wconf 85' lang='lat' dir='ltr'><strong>revocante</strong></span> <span class='ocrx_word' id='word_1_143' title='bbox 298 1811 411 1871; x_wconf 92' lang='lat' dir='ltr'><strong>assidua</strong></span> <span class='ocrx_word' id='word_1_144' title='bbox 436 1811 630 1873; x_wconf 90' lang='lat' dir='ltr'><strong>obtestatione</strong></span> <span class='ocrx_word' id='word_1_145' title='bbox 649 1813 760 1892; x_wconf 91' lang='lat' dir='ltr'><strong>populo</strong></span> <span class='ocrx_word' id='word_1_146' title='bbox 779 1821 902 1891; x_wconf 91' lang='lat' dir='ltr'><strong>propter</strong></span> <span class='ocrx_word' id='word_1_147' title='bbox 918 1811 1044 1889; x_wconf 88' lang='lat' dir='ltr'><strong>cladem,</strong></span> <span class='ocrx_word' id='word_1_148' title='bbox 1068 1830 1123 1891; x_wconf 91' lang='lat' dir='ltr'><strong>qua</strong></span> 
     </span>
     <span class='ocr_line' id='line_1_20' title="bbox 86 1895 1123 1981; baseline -0.002 -25"><span class='ocrx_word' id='word_1_149' title='bbox 86 1948 90 1981; x_wconf 78' lang='lat'><strong>,</strong></span> <span class='ocrx_word' id='word_1_150' title='bbox 119 1897 195 1975; x_wconf 86' lang='lat' dir='ltr'><strong>apud</strong></span> <span class='ocrx_word' id='word_1_151' title='bbox 207 1895 332 1956; x_wconf 83' lang='lat' dir='ltr'><strong>Fidenas</strong></span> <span class='ocrx_word' id='word_1_152' title='bbox 346 1913 432 1973; x_wconf 89' lang='lat' dir='ltr'><strong>supra</strong></span> <span class='ocrx_word' id='word_1_153' title='bbox 445 1897 547 1973; x_wconf 85' lang='lat' dir='ltr'><strong>viginti</strong></span> <span class='ocrx_word' id='word_1_154' title='bbox 563 1896 707 1957; x_wconf 90' lang='lat' dir='ltr'><strong>hominum</strong></span> <span class='ocrx_word' id='word_1_155' title='bbox 722 1896 800 1956; x_wconf 90' lang='lat' dir='ltr'><strong>milia</strong></span> <span class='ocrx_word' id='word_1_156' title='bbox 815 1895 988 1974; x_wconf 88' lang='lat' dir='ltr'><strong>gladiatorio</strong></span> <span class='ocrx_word' id='word_1_157' title='bbox 1004 1913 1123 1955; x_wconf 90' lang='lat' dir='ltr'><strong>munere</strong></span> 
     </span>
     <span class='ocr_line' id='line_1_21' title="bbox 86 1980 1122 2059; baseline -0.002 -19"><span class='ocrx_word' id='word_1_158' title='bbox 86 1980 318 2059; x_wconf 73' lang='lat' dir='ltr'><strong>mamphitheatri</strong></span> <span class='ocrx_word' id='word_1_159' title='bbox 347 1980 429 2039; x_wconf 91' lang='lat' dir='ltr'><strong>ruina</strong></span> <span class='ocrx_word' id='word_1_160' title='bbox 449 1981 614 2058; x_wconf 88' lang='lat' dir='ltr'><strong>perierant,</strong></span> <span class='ocrx_word' id='word_1_161' title='bbox 642 1982 754 2040; x_wconf 88' lang='lat' dir='ltr'><strong>transiit</strong></span> <span class='ocrx_word' id='word_1_162' title='bbox 775 1981 803 2039; x_wconf 92' lang='lat' dir='ltr'><strong>in</strong></span> <span class='ocrx_word' id='word_1_163' title='bbox 824 1980 1018 2039; x_wconf 90' lang='lat' dir='ltr'><strong>continentem</strong></span> <span class='ocrx_word' id='word_1_164' title='bbox 1041 1988 1122 2056; x_wconf 88' lang='lat' dir='ltr'><strong>pote·</strong></span> 
     </span>
     <span class='ocr_line' id='line_1_22' title="bbox 86 2058 1123 2148; baseline 0 -26"><span class='ocrx_word' id='word_1_165' title='bbox 86 2058 94 2148; x_wconf 42' lang='grc' dir='ltr'><em>ᾗ</em></span> <span class='ocrx_word' id='word_1_166' title='bbox 118 2073 278 2142; x_wconf 84' lang='lat' dir='ltr'><strong>etatemque</strong></span> <span class='ocrx_word' id='word_1_167' title='bbox 294 2062 424 2122; x_wconf 91' lang='lat' dir='ltr'><strong>omnibus</strong></span> <span class='ocrx_word' id='word_1_168' title='bbox 440 2063 561 2123; x_wconf 89' lang='lat' dir='ltr'><strong>adeundi</strong></span> <span class='ocrx_word' id='word_1_169' title='bbox 577 2066 620 2123; x_wconf 90' lang='lat' dir='ltr'><strong>sni</strong></span> <span class='ocrx_word' id='word_1_170' title='bbox 633 2063 719 2123; x_wconf 87' lang='lat' dir='ltr'><strong>iecit:</strong></span> <span class='ocrx_word' id='word_1_171' title='bbox 741 2070 820 2122; x_wconf 93' lang='lat' dir='ltr'><strong>tanto</strong></span> <span class='ocrx_word' id='word_1_172' title='bbox 836 2063 944 2140; x_wconf 86' lang='lat' dir='ltr'><strong>magis,</strong></span> <span class='ocrx_word' id='word_1_173' title='bbox 960 2062 1037 2141; x_wconf 95' lang='lat' dir='ltr'><strong>qnod</strong></span> <span class='ocrx_word' id='word_1_174' title='bbox 1052 2061 1123 2122; x_wconf 87' lang='lat' dir='ltr'><strong>urbe</strong></span> 
     </span>
     <span class='ocr_line' id='line_1_23' title="bbox 86 2145 1122 2236; baseline -0.002 -28"><span class='ocrx_word' id='word_1_175' title='bbox 86 2197 92 2236; x_wconf 77' lang='lat'><strong>,</strong></span> <span class='ocrx_word' id='word_1_176' title='bbox 117 2147 275 2226; x_wconf 88' lang='lat' dir='ltr'><strong>egrediens</strong></span> <span class='ocrx_word' id='word_1_177' title='bbox 296 2164 333 2204; x_wconf 91' lang='lat' dir='ltr'><strong>ne</strong></span> <span class='ocrx_word' id='word_1_178' title='bbox 356 2147 403 2224; x_wconf 94' lang='lat' dir='ltr'><strong>qui</strong></span> <span class='ocrx_word' id='word_1_179' title='bbox 420 2165 452 2206; x_wconf 91' lang='lat' dir='ltr'><strong>se</strong></span> <span class='ocrx_word' id='word_1_180' title='bbox 468 2146 671 2225; x_wconf 89' lang='lat' dir='ltr'><strong>interpellaret</strong></span> <span class='ocrx_word' id='word_1_181' title='bbox 687 2147 818 2206; x_wconf 85' lang='lat' dir='ltr'><strong>edixerat</strong></span> <span class='ocrx_word' id='word_1_182' title='bbox 832 2165 867 2206; x_wconf 87' lang='lat' dir='ltr'><strong>ac</strong></span> <span class='ocrx_word' id='word_1_183' title='bbox 881 2155 944 2206; x_wconf 87' lang='lat' dir='ltr'><strong>toto</strong></span> <span class='ocrx_word' id='word_1_184' title='bbox 957 2147 1061 2206; x_wconf 87' lang='lat' dir='ltr'><strong>itinere</strong></span> <span class='ocrx_word' id='word_1_185' title='bbox 1075 2145 1122 2206; x_wconf 93' lang='lat' dir='ltr'><strong>ad·</strong></span> 
     </span>
     <span class='ocr_line' id='line_1_24' title="bbox 86 2229 424 2316; baseline -0.009 -26"><span class='ocrx_word' id='word_1_186' title='bbox 86 2278 95 2316; x_wconf 84' lang='lat'><strong>,</strong></span> <span class='ocrx_word' id='word_1_187' title='bbox 117 2233 213 2290; x_wconf 88' lang='lat' dir='ltr'><strong>euntis</strong></span> <span class='ocrx_word' id='word_1_188' title='bbox 230 2229 424 2289; x_wconf 88' lang='lat' dir='ltr'><strong>submoverat.</strong></span> 
     </span>
     <span class='ocr_line' id='line_1_25' title="bbox 87 2312 1122 2394; baseline 0.002 -21"><span class='ocrx_word' id='word_1_189' title='bbox 87 2333 89 2338; x_wconf 37' lang='lat'>⁸</span> <span class='ocrx_word' id='word_1_190' title='bbox 176 2315 343 2390; x_wconf 87' lang='lat' dir='ltr'><strong>Regressus</strong></span> <span class='ocrx_word' id='word_1_191' title='bbox 362 2315 390 2372; x_wconf 93' lang='lat' dir='ltr'><strong>in</strong></span> <span class='ocrx_word' id='word_1_192' title='bbox 411 2312 546 2391; x_wconf 88' lang='lat' dir='ltr'><strong>insulam,</strong></span> <span class='ocrx_word' id='word_1_193' title='bbox 572 2316 614 2373; x_wconf 89' lang='lat' dir='ltr'><strong>rei</strong></span> <span class='ocrx_word' id='word_1_194' title='bbox 635 2333 663 2394; x_wconf 95' lang='lat' dir='ltr'><strong>p.</strong></span> <span class='ocrx_word' id='word_1_195' title='bbox 687 2314 800 2394; x_wconf 90' lang='lat' dir='ltr'><strong>quidem</strong></span> <span class='ocrx_word' id='word_1_196' title='bbox 822 2331 919 2374; x_wconf 88' lang='lat' dir='ltr'><strong>curam</strong></span> <span class='ocrx_word' id='word_1_197' title='bbox 941 2314 1122 2393; x_wconf 89' lang='lat' dir='ltr'><strong>usqueadeo</strong></span> 
     </span>
     <span class='ocr_line' id='line_1_26' title="bbox 89 2397 1122 2478; baseline 0.004 -24"><span class='ocrx_word' id='word_1_198' title='bbox 89 2399 241 2473; x_wconf 77' lang='lat' dir='ltr'><strong>subiecit,</strong></span> <span class='ocrx_word' id='word_1_199' title='bbox 262 2405 291 2455; x_wconf 92' lang='lat' dir='ltr'><strong>ut</strong></span> <span class='ocrx_word' id='word_1_200' title='bbox 312 2406 415 2476; x_wconf 90' lang='lat' dir='ltr'><strong>postea</strong></span> <span class='ocrx_word' id='word_1_201' title='bbox 436 2415 493 2457; x_wconf 89' lang='lat' dir='ltr'><strong>non</strong></span> <span class='ocrx_word' id='word_1_202' title='bbox 515 2397 647 2458; x_wconf 91' lang='lat' dir='ltr'><strong>decurias</strong></span> <span class='ocrx_word' id='word_1_203' title='bbox 671 2400 797 2478; x_wconf 90' lang='lat' dir='ltr'><strong>equiturn</strong></span> <span class='ocrx_word' id='word_1_204' title='bbox 818 2416 949 2477; x_wconf 86' lang='lat' dir='ltr'><strong>nmquam</strong></span> <span class='ocrx_word' id='word_1_205' title='bbox 967 2399 1122 2477; x_wconf 89' lang='lat' dir='ltr'><strong>supplerit,</strong></span> 
     </span>
     <span class='ocr_line' id='line_1_27' title="bbox 87 2480 1121 2563; baseline 0.004 -25"><span class='ocrx_word' id='word_1_206' title='bbox 87 2531 88 2538; x_wconf 71' lang='grc'>,</span> <span class='ocrx_word' id='word_1_207' title='bbox 112 2502 175 2544; x_wconf 90' lang='lat' dir='ltr'><strong>non</strong></span> <span class='ocrx_word' id='word_1_208' title='bbox 196 2480 326 2540; x_wconf 92' lang='lat' dir='ltr'><strong>tribunos</strong></span> <span class='ocrx_word' id='word_1_209' title='bbox 348 2480 466 2541; x_wconf 91' lang='lat' dir='ltr'><strong>militum</strong></span> <span class='ocrx_word' id='word_1_210' title='bbox 480 2481 717 2562; x_wconf 85' lang='lat' dir='ltr'><strong>praefectosque,</strong></span> <span class='ocrx_word' id='word_1_211' title='bbox 734 2500 792 2542; x_wconf 91' lang='lat' dir='ltr'><strong>non</strong></span> <span class='ocrx_word' id='word_1_212' title='bbox 807 2483 1023 2562; x_wconf 87' lang='lat' dir='ltr'><strong>provinciarum</strong></span> <span class='ocrx_word' id='word_1_213' title='bbox 1037 2501 1121 2563; x_wconf 88' lang='lat' dir='ltr'><strong>prae·</strong></span> 
     </span>
     <span class='ocr_line' id='line_1_28' title="bbox 112 2564 1122 2646; baseline -0.001 -19"><span class='ocrx_word' id='word_1_214' title='bbox 112 2567 195 2627; x_wconf 93' lang='lat' dir='ltr'><strong>sides</strong></span> <span class='ocrx_word' id='word_1_215' title='bbox 208 2564 285 2624; x_wconf 91' lang='lat' dir='ltr'><strong>ullos</strong></span> <span class='ocrx_word' id='word_1_216' title='bbox 300 2567 469 2642; x_wconf 89' lang='lat' dir='ltr'><strong>mutaverit,</strong></span> <span class='ocrx_word' id='word_1_217' title='bbox 483 2566 648 2644; x_wconf 88' lang='lat' dir='ltr'><strong>Hispaniam</strong></span> <span class='ocrx_word' id='word_1_218' title='bbox 667 2576 696 2626; x_wconf 91' lang='lat' dir='ltr'><strong>et</strong></span> <span class='ocrx_word' id='word_1_219' title='bbox 708 2568 820 2642; x_wconf 72' lang='lat' dir='ltr'><strong>Syriam</strong></span> <span class='ocrx_word' id='word_1_220' title='bbox 838 2585 891 2645; x_wconf 94' lang='lat' dir='ltr'><strong>per</strong></span> <span class='ocrx_word' id='word_1_221' title='bbox 906 2567 1015 2646; x_wconf 91' lang='lat' dir='ltr'><strong>aliquot</strong></span> <span class='ocrx_word' id='word_1_222' title='bbox 1030 2584 1122 2628; x_wconf 89' lang='lat' dir='ltr'><strong>annos</strong></span> 
     </span>
     <span class='ocr_line' id='line_1_29' title="bbox 110 2649 1119 2728; baseline -0.002 -17"><span class='ocrx_word' id='word_1_223' title='bbox 110 2654 179 2711; x_wconf 86' lang='lat' dir='ltr'><strong>sine</strong></span> <span class='ocrx_word' id='word_1_224' title='bbox 196 2649 397 2709; x_wconf 88' lang='lat' dir='ltr'><strong>consularibus</strong></span> <span class='ocrx_word' id='word_1_225' title='bbox 410 2650 515 2727; x_wconf 90' lang='lat' dir='ltr'><strong>legatis</strong></span> <span class='ocrx_word' id='word_1_226' title='bbox 530 2650 672 2728; x_wconf 89' lang='lat' dir='ltr'><strong>habuerit,</strong></span> <span class='ocrx_word' id='word_1_227' title='bbox 687 2650 853 2712; x_wconf 85' lang='lat' dir='ltr'><strong>Armeniam</strong></span> <span class='ocrx_word' id='word_1_228' title='bbox 871 2668 887 2710; x_wconf 90' lang='lat' dir='ltr'><strong>a</strong></span> <span class='ocrx_word' id='word_1_229' title='bbox 900 2650 1013 2711; x_wconf 89' lang='lat' dir='ltr'><strong>Parthis</strong></span> <span class='ocrx_word' id='word_1_230' title='bbox 1029 2668 1119 2710; x_wconf 90' lang='lat' dir='ltr'><strong>occu·</strong></span> 
     </span>
     <span class='ocr_line' id='line_1_30' title="bbox 109 2733 1121 2815; baseline -0.003 -20"><span class='ocrx_word' id='word_1_231' title='bbox 109 2735 188 2815; x_wconf 89' lang='lat' dir='ltr'><strong>pari,</strong></span> <span class='ocrx_word' id='word_1_232' title='bbox 200 2733 339 2794; x_wconf 83' lang='lat' dir='ltr'><strong>Moesiam</strong></span> <span class='ocrx_word' id='word_1_233' title='bbox 351 2751 367 2794; x_wconf 92' lang='lat' dir='ltr'><strong>a</strong></span> <span class='ocrx_word' id='word_1_234' title='bbox 378 2733 465 2795; x_wconf 86' lang='lat' dir='ltr'><strong>Dacis</strong></span> <span class='ocrx_word' id='word_1_235' title='bbox 478 2736 683 2814; x_wconf 88' lang='lat' dir='ltr'><strong>Sarmatisque,</strong></span> <span class='ocrx_word' id='word_1_236' title='bbox 696 2735 803 2796; x_wconf 86' lang='lat' dir='ltr'><strong>Gallias</strong></span> <span class='ocrx_word' id='word_1_237' title='bbox 820 2754 836 2796; x_wconf 90' lang='lat' dir='ltr'><strong>a</strong></span> <span class='ocrx_word' id='word_1_238' title='bbox 851 2734 1001 2797; x_wconf 84' lang='lat' dir='ltr'><strong>Germanis</strong></span> <span class='ocrx_word' id='word_1_239' title='bbox 1013 2734 1121 2794; x_wconf 88' lang='lat' dir='ltr'><strong>vastari</strong></span> 
     </span>
     <span class='ocr_line' id='line_1_31' title="bbox 87 2817 1120 2898; baseline 0.002 -26"><span class='ocrx_word' id='word_1_240' title='bbox 87 2818 296 2894; x_wconf 78' lang='lat' dir='ltr'><strong>›neglexeritz</strong></span> <span class='ocrx_word' id='word_1_241' title='bbox 316 2834 421 2895; x_wconf 87' lang='lat' dir='ltr'><strong>magno</strong></span> <span class='ocrx_word' id='word_1_242' title='bbox 446 2817 591 2879; x_wconf 87' lang='lat' dir='ltr'><strong>dedecore</strong></span> <span class='ocrx_word' id='word_1_243' title='bbox 611 2821 726 2898; x_wconf 88' lang='lat' dir='ltr'><strong>imperii</strong></span> <span class='ocrx_word' id='word_1_244' title='bbox 745 2838 802 2880; x_wconf 91' lang='lat' dir='ltr'><strong>nec</strong></span> <span class='ocrx_word' id='word_1_245' title='bbox 817 2820 929 2879; x_wconf 91' lang='lat' dir='ltr'><strong>minore</strong></span> <span class='ocrx_word' id='word_1_246' title='bbox 945 2817 1120 2878; x_wconf 88' lang='lat' dir='ltr'><strong>discrimine.</strong></span> 
     </span>
     <span class='ocr_line' id='line_1_32' title="bbox 109 2899 1120 2982; baseline -0.004 -19"><span class='ocrx_word' id='word_1_247' title='bbox 109 2902 251 2963; x_wconf 83' lang='lat' dir='ltr'><strong>Ceterum</strong></span> <span class='ocrx_word' id='word_1_248' title='bbox 277 2903 383 2960; x_wconf 90' lang='lat' dir='ltr'><strong>secreti</strong></span> <span class='ocrx_word' id='word_1_249' title='bbox 409 2902 554 2962; x_wconf 91' lang='lat' dir='ltr'><strong>licentiam</strong></span> <span class='ocrx_word' id='word_1_250' title='bbox 580 2912 701 2962; x_wconf 89' lang='lat' dir='ltr'><strong>nanctus</strong></span> <span class='ocrx_word' id='word_1_251' title='bbox 725 2912 754 2962; x_wconf 90' lang='lat' dir='ltr'><strong>et</strong></span> <span class='ocrx_word' id='word_1_252' title='bbox 776 2903 857 2982; x_wconf 87' lang='lat' dir='ltr'><strong>quasi</strong></span> <span class='ocrx_word' id='word_1_253' title='bbox 880 2901 1004 2962; x_wconf 85' lang='lat' dir='ltr'><strong>civitatis</strong></span> <span class='ocrx_word' id='word_1_254' title='bbox 1026 2899 1120 2960; x_wconf 88' lang='lat' dir='ltr'><strong>oculis</strong></span> 
     </span>
     <span class='ocr_line' id='line_1_33' title="bbox 106 2984 1119 3062; baseline -0.005 -15"><span class='ocrx_word' id='word_1_255' title='bbox 106 2993 259 3061; x_wconf 90' lang='lat' dir='ltr'><strong>remotus,</strong></span> <span class='ocrx_word' id='word_1_256' title='bbox 279 2994 380 3045; x_wconf 91' lang='lat' dir='ltr'><strong>cuncta</strong></span> <span class='ocrx_word' id='word_1_257' title='bbox 398 2985 479 3045; x_wconf 86' lang='lat' dir='ltr'><strong>simul</strong></span> <span class='ocrx_word' id='word_1_258' title='bbox 497 2987 566 3046; x_wconf 82' lang='lat' dir='ltr'><strong>vitia</strong></span> <span class='ocrx_word' id='word_1_259' title='bbox 580 2987 654 3047; x_wconf 91' lang='lat' dir='ltr'><strong>male</strong></span> <span class='ocrx_word' id='word_1_260' title='bbox 671 2986 718 3046; x_wconf 94' lang='lat' dir='ltr'><strong>diu</strong></span> <span class='ocrx_word' id='word_1_261' title='bbox 735 2985 911 3046; x_wconf 88' lang='lat' dir='ltr'><strong>dissimulata</strong></span> <span class='ocrx_word' id='word_1_262' title='bbox 923 2984 1037 3045; x_wconf 89' lang='lat' dir='ltr'><strong>tandem</strong></span> <span class='ocrx_word' id='word_1_263' title='bbox 1053 3000 1119 3062; x_wconf 92' lang='lat' dir='ltr'><strong>pro·</strong></span> 
     </span>
     <span class='ocr_line' id='line_1_34' title="bbox 107 3067 1120 3147; baseline -0.005 -17"><span class='ocrx_word' id='word_1_264' title='bbox 107 3069 202 3130; x_wconf 84' lang='lat' dir='ltr'><strong>ludit:</strong></span> <span class='ocrx_word' id='word_1_265' title='bbox 227 3068 262 3128; x_wconf 93' lang='lat' dir='ltr'><strong>de</strong></span> <span class='ocrx_word' id='word_1_266' title='bbox 289 3069 392 3147; x_wconf 90' lang='lat' dir='ltr'><strong>quibus</strong></span> <span class='ocrx_word' id='word_1_267' title='bbox 415 3069 580 3146; x_wconf 90' lang='lat' dir='ltr'><strong>singillatim</strong></span> <span class='ocrx_word' id='word_1_268' title='bbox 601 3071 637 3131; x_wconf 90' lang='lat' dir='ltr'><strong>ab</strong></span> <span class='ocrx_word' id='word_1_269' title='bbox 659 3070 781 3130; x_wconf 86' lang='lat' dir='ltr'><strong>exordio</strong></span> <span class='ocrx_word' id='word_1_270' title='bbox 802 3069 937 3130; x_wconf 82' lang='lat' dir='ltr'><strong>referam.</strong></span> <span class='ocrx_word' id='word_1_271' title='bbox 965 3067 998 3127; x_wconf 93' lang='lat' dir='ltr'><strong>ln</strong></span> <span class='ocrx_word' id='word_1_272' title='bbox 1016 3068 1120 3127; x_wconf 90' lang='lat' dir='ltr'><strong>castris</strong></span> 
     </span>
     <span class='ocr_line' id='line_1_35' title="bbox 107 3150 1117 3232; baseline -0.001 -19"><span class='ocrx_word' id='word_1_273' title='bbox 107 3155 169 3214; x_wconf 90' lang='lat' dir='ltr'><strong>tiro</strong></span> <span class='ocrx_word' id='word_1_274' title='bbox 198 3154 282 3212; x_wconf 89' lang='lat' dir='ltr'><strong>etiarn</strong></span> <span class='ocrx_word' id='word_1_275' title='bbox 309 3162 366 3212; x_wconf 89' lang='lat' dir='ltr'><strong>tum</strong></span> <span class='ocrx_word' id='word_1_276' title='bbox 392 3161 514 3232; x_wconf 91' lang='lat' dir='ltr'><strong>propter</strong></span> <span class='ocrx_word' id='word_1_277' title='bbox 533 3154 646 3214; x_wconf 90' lang='lat' dir='ltr'><strong>nimiam</strong></span> <span class='ocrx_word' id='word_1_278' title='bbox 668 3155 725 3213; x_wconf 82' lang='lat' dir='ltr'><strong>vini</strong></span> <span class='ocrx_word' id='word_1_279' title='bbox 745 3152 910 3214; x_wconf 82' lang='lat' dir='ltr'><strong>aviditatem</strong></span> <span class='ocrx_word' id='word_1_280' title='bbox 927 3169 982 3231; x_wconf 93' lang='lat' dir='ltr'><strong>pro</strong></span> <span class='ocrx_word' id='word_1_281' title='bbox 998 3150 1117 3212; x_wconf 81' lang='lat' dir='ltr'><strong>&#39;liberio</strong></span> 
     </span>
     <span class='ocr_line' id='line_1_36' title="bbox 88 3235 1117 3316; baseline -0.001 -19"><span class='ocrx_word' id='word_1_282' title='bbox 88 3235 305 3313; x_wconf 89' lang='lat' dir='ltr'><strong>·Biherlus,</strong></span> <span class='ocrx_word' id='word_1_283' title='bbox 320 3255 374 3316; x_wconf 91' lang='lat' dir='ltr'><strong>pro</strong></span> <span class='ocrx_word' id='word_1_284' title='bbox 391 3235 512 3298; x_wconf 81' lang='lat' dir='ltr'><strong>claudio</strong></span> <span class='ocrx_word' id='word_1_285' title='bbox 529 3236 698 3313; x_wconf 85' lang='lat' dir='ltr'><strong>Galdius,</strong></span> <span class='ocrx_word' id='word_1_286' title='bbox 714 3254 768 3316; x_wconf 86' lang='lat' dir='ltr'><strong>pro</strong></span> <span class='ocrx_word' id='word_1_287' title='bbox 784 3235 1014 3297; x_wconf 85' lang='lat' dir='ltr'><strong>Neronelllcro</strong></span> <span class='ocrx_word' id='word_1_288' title='bbox 1030 3251 1117 3296; x_wconf 86' lang='lat' dir='ltr'><strong>voca·</strong></span> 
     </span>
     <span class='ocr_line' id='line_1_37' title="bbox 107 3319 1117 3401; baseline -0.003 -19"><span class='ocrx_word' id='word_1_289' title='bbox 107 3322 205 3382; x_wconf 90' lang='lat' dir='ltr'><strong>batur.</strong></span> <span class='ocrx_word' id='word_1_290' title='bbox 225 3320 330 3382; x_wconf 87' lang='lat' dir='ltr'><strong>Postea</strong></span> <span class='ocrx_word' id='word_1_291' title='bbox 345 3323 484 3401; x_wconf 86' lang='lat' dir='ltr'><strong>princeps</strong></span> <span class='ocrx_word' id='word_1_292' title='bbox 499 3322 527 3381; x_wconf 87' lang='lat' dir='ltr'><strong>in</strong></span> <span class='ocrx_word' id='word_1_293' title='bbox 539 3322 604 3400; x_wconf 88' lang='lat' dir='ltr'><strong>ipsa</strong></span> <span class='ocrx_word' id='word_1_294' title='bbox 616 3319 798 3399; x_wconf 88' lang='lat' dir='ltr'><strong>publicorum</strong></span> <span class='ocrx_word' id='word_1_295' title='bbox 810 3337 920 3380; x_wconf 89' lang='lat' dir='ltr'><strong>morum</strong></span> <span class='ocrx_word' id='word_1_296' title='bbox 933 3320 1117 3380; x_wconf 86' lang='lat' dir='ltr'><strong>correctione</strong></span> 
     </span>
     <span class='ocr_line' id='line_1_38' title="bbox 109 3403 1117 3483; baseline -0.003 -18"><span class='ocrx_word' id='word_1_297' title='bbox 109 3422 178 3465; x_wconf 93' lang='lat' dir='ltr'><strong>cum</strong></span> <span class='ocrx_word' id='word_1_298' title='bbox 194 3404 354 3483; x_wconf 88' lang='lat' dir='ltr'><strong>Pomponio</strong></span> <span class='ocrx_word' id='word_1_299' title='bbox 370 3405 478 3466; x_wconf 87' lang='lat' dir='ltr'><strong>Flacco</strong></span> <span class='ocrx_word' id='word_1_300' title='bbox 495 3413 523 3464; x_wconf 93' lang='lat' dir='ltr'><strong>et</strong></span> <span class='ocrx_word' id='word_1_301' title='bbox 539 3405 569 3465; x_wconf 91' lang='lat' dir='ltr'><strong>L.</strong></span> <span class='ocrx_word' id='word_1_302' title='bbox 586 3404 692 3464; x_wconf 88' lang='lat' dir='ltr'><strong>Pisone</strong></span> <span class='ocrx_word' id='word_1_303' title='bbox 706 3413 823 3465; x_wconf 86' lang='lat' dir='ltr'><strong>noctem</strong></span> <span class='ocrx_word' id='word_1_304' title='bbox 839 3405 1059 3483; x_wconf 86' lang='lat' dir='ltr'><strong>continuumque</strong></span> <span class='ocrx_word' id='word_1_305' title='bbox 1075 3403 1117 3462; x_wconf 90' lang='lat' dir='ltr'><strong>bi·</strong></span> 
     </span>
     <span class='ocr_line' id='line_1_39' title="bbox 109 3488 1118 3572; baseline -0.003 -24"><span class='ocrx_word' id='word_1_306' title='bbox 109 3488 197 3548; x_wconf 90' lang='lat' dir='ltr'><strong>duum</strong></span> <span class='ocrx_word' id='word_1_307' title='bbox 213 3488 358 3567; x_wconf 85' lang='lat' dir='ltr'><strong>epulando</strong></span> <span class='ocrx_word' id='word_1_308' title='bbox 371 3489 557 3570; x_wconf 89' lang='lat' dir='ltr'><strong>potandoque</strong></span> <span class='ocrx_word' id='word_1_309' title='bbox 571 3489 758 3568; x_wconf 89' lang='lat' dir='ltr'><strong>consumpsit,</strong></span> <span class='ocrx_word' id='word_1_310' title='bbox 774 3506 893 3572; x_wconf 86' lang='lat' dir='ltr'><strong>quorum</strong></span> <span class='ocrx_word' id='word_1_311' title='bbox 910 3489 992 3551; x_wconf 89' lang='lat' dir='ltr'><strong>alteri</strong></span> <span class='ocrx_word' id='word_1_312' title='bbox 1004 3489 1118 3564; x_wconf 63' lang='lat' dir='ltr'><strong>Syriam</strong></span> 
     </span>
    </p>
   </div>
   <div class='ocr_carea' id='block_1_3' title="bbox 0 0 1132 3930">
    <p class='ocr_par' dir='ltr' id='par_1_3' title="bbox 0 0 1132 3930">
     <span class='ocr_line' id='line_1_40' title="bbox 0 0 1132 3930; baseline 0 0"><span class='ocrx_word' id='word_1_313' title='bbox 0 0 1132 3930; x_wconf 95' lang='lat' dir='ltr'><strong> </strong></span> 
     </span>
    </p>
   </div>
  </div>
 </body>
</html>
