2286 3944
428 247 716 299 vrursnnrus.
1007 241 1068 302 223

86 401 222 463 isendam
250 401 405 481 praeberet
429 368 535 463 facicm
563 398 638 463 neve
666 407 867 474 summitterct;
900 405 1067 484 quibusdam

86 495 206 548 torcore
221 495 250 545 et
265 504 356 546 caeno
372 487 596 563 incessentibus,
613 487 680 546 aliis
695 487 903 549 incendiarium
919 499 948 548 et
959 493 1066 568 patina·

86 571 143 632 lum
156 569 393 647 vociferantibus,
412 580 495 647 parte
511 571 592 648 vulgi
611 572 698 630 etiam
715 574 850 650 corporis
869 575 938 632 vitia
960 592 1066 652 expro-

86 663 190 723 rante;
214 654 371 714 eratenim
394 655 422 711 in
444 671 480 713 eo
505 655 634 714 enormis
651 657 830 732 proceritas,
852 657 945 715 iacies
965 657 1067 718 rubida

86 739 243 817 ›lemnque
258 754 296 796 ex
309 737 475 814 vinulentia,
489 747 592 797 venter
609 733 736 814 obesus,
752 735 875 798 alterum
890 740 982 799 lemur
1000 741 1065 800 sub-

86 821 169 884 {abile
183 820 307 900 impulsu
323 821 391 880 olim
408 820 577 898 quadrigae,
594 840 658 881 cum
674 824 816 899 auriganti
832 822 903 882 Gaio
925 825 1064 884 ministra·

86 924 166 968 orem
181 904 342 966 exhiberet.
371 903 498 964 Tandem
518 905 594 983 apud
612 904 768 965 Gemonias
790 906 983 965 minutissimis
1002 908 1064 968 icli-

86 1010 125 1051 us
139 989 362 1050 excarnificatus
378 995 464 1065 atque
481 989 633 1049 coniectus
650 998 709 1066 est,
731 998 760 1048 et
779 989 844 1048 inde
865 1007 940 1050 unco
955 999 1065 1050 tractus

86 1094 100 1134 n
115 1074 254 1135 Tiberim.

133 1157 224 1218 Periit
241 1156 407 1215 cumfratre
424 1163 453 1215 et
467 1155 527 1214 lilio
543 1172 617 1214 anno
640 1158 715 1215 vitae
738 1158 862 1234 septimo
886 1158 1064 1235 quinquage-
1073 1176 1107 1232 13

86 1243 159 1309 imo:
174 1258 231 1301 nec
245 1239 350 1299 fefellit
368 1241 534 1299 coniectura
550 1255 649 1298 eorum
662 1241 709 1318 qui
721 1242 853 1316 augurio,
868 1240 946 1318 quod
958 1241 1064 1300 iactum

86 1328 98 1386 i
110 1327 243 1386 Viennae
255 1323 442 1398 ostendimus,
454 1339 512 1382 non
525 1321 601 1381 aliud
613 1323 746 1401 portendi
754 1323 968 1402 praedixerant,
981 1342 1065 1402 quam

86 1418 223 1469 enturum
240 1408 269 1466 iu
283 1407 404 1467 alicuius
418 1405 560 1466 Gallicani
577 1405 700 1465 hominis
716 1416 903 1485 potestatem
924 1407 1064 1485 siquidem

86 1493 107 1552 b
121 1493 250 1553 Antonio
265 1490 360 1551 Primo
376 1490 563 1552 adversarum
584 1491 707 1568 partium
729 1490 802 1549 duce
824 1508 986 1569 oppressus
1007 1500 1064 1568 est,

86 1577 118 1637 :ui
133 1575 260 1637 Tolosae
276 1584 344 1634 nato
362 1590 526 1651 cognomen
545 1573 573 1630 in
589 1574 711 1651 pueritia
725 1573 824 1634 Becco
839 1575 948 1635 luerat:
968 1574 997 1634 id
1014 1593 1063 1636 va·

86 1669 111 1721 et
126 1659 283 1738 gallinacei
297 1667 432 1719 rostrum.
609 1662 613 1669 ’
