2286 3944
150 226 191 287 ³4
240 237 269 285 c.
283 235 433 284 sunuoru
450 233 577 294 annno.
592 236 640 281 nn
656 236 741 283 vrrs
758 236 941 284 consanum
955 237 1025 285 nro.
1039 237 1063 283 1.

151 392 222 453 alias
241 407 303 450 cunr
325 389 396 449 love
417 389 548 448 dextram
568 391 704 466 iungere;
728 399 757 449 et
783 388 938 470 Calpurnia
962 408 1038 450 uxor
1050 392 1139 468 imagi

151 483 289 552 nata-est,
312 472 427 532 conlabi
443 473 589 550 fastigium
605 472 705 532 domus
722 476 910 553 maritumque
921 476 949 532 in
966 477 1082 551 gremio
1096 495 1143 534 su·

152 557 285 627 conlodi;
307 575 343 618 ac
358 556 454 616 subito
473 557 598 616 cubiculi
615 556 696 617 fores
713 566 818 636 sponte
834 567 995 635 patuerunt.

214 641 258 702 Ob
278 642 352 702 haec
366 640 450 699 simul
466 649 495 700 et
511 639 549 699 ob
569 641 707 701 iullrmam
721 640 906 701 valitudinem
923 641 970 701 diu
987 651 1139 702 cunctatus

152 747 187 789 au
207 745 239 786 se
259 727 422 785 contineret
433 733 464 783 et
484 741 557 803 quae
580 723 655 803 apud
683 734 813 785 senatum
838 734 1035 803 proposuerat
1060 744 1143 803 ager

151 812 298 886 differret,
324 807 439 869 taudem
463 807 585 867 Decimo
613 808 701 868 Bruto
724 809 911 885 adhortante,
929 828 967 868 ne
988 810 1143 888 frequenti

152 915 188 957 ac
202 897 257 956 iam
271 892 374 954 dudum
391 893 571 970 opperientis
589 891 775 969 destitueret,
796 894 894 972 quinta
916 893 979 952 iere
994 893 1069 954 hora
1085 910 1139 972 pro

153 998 274 1059 gressus
294 985 339 1037 est
357 974 544 1053 libellumque
564 975 728 1036 insidiarum
750 976 892 1053 indicem,
919 976 955 1036 ab
974 976 1064 1036 obvio
1082 995 1139 1055 quo

153 1066 217 1125 daur
234 1068 416 1142 porrectum,
439 1058 547 1118 libellis
564 1061 686 1136 ceteris,
707 1077 782 1139 quos
799 1061 914 1120 sinistra
932 1078 1015 1120 manu
1034 1061 1141 1120 tenebo

154 1150 235 1228 quasi
251 1162 320 1206 mox
340 1143 483 1219 lecturus,
506 1144 695 1202 commiscuit.
717 1143 792 1203 Dein
812 1143 942 1222 pluribus
961 1144 1068 1204 hostiis
1088 1163 1140 1204 cae

154 1234 211 1308 sis,
235 1248 299 1291 cum
315 1228 398 1287 litare
410 1243 469 1284 non
492 1235 610 1305 posset,
633 1229 744 1286 introiit
766 1229 874 1288 curiam
891 1236 990 1307 spreta
1003 1228 1134 1306 religion

155 1317 381 1395 Spurinnamque
399 1308 522 1369 irridens
538 1319 568 1369 et
584 1319 615 1370 ut
629 1311 732 1371 falsum
748 1330 891 1389 arguens,
915 1312 992 1391 quod
1014 1314 1078 1372 sine
1096 1312 1136 1371 ull

155 1417 206 1459 sua
226 1413 304 1457 noxa
324 1393 390 1454 ldus
410 1392 530 1454 hlartiae
547 1393 699 1454 adessent:
726 1413 894 1474 quamquam
910 1397 935 1454 is
956 1397 1075 1455 venisse
1093 1397 1141 1474 qui

110 1483 222 1552 eadem
240 1497 291 1539 eas
312 1476 438 1552 diceret,
460 1476 513 1537 sed
531 1496 590 1538 non
610 1482 795 1558 praeterisse.
827 1478 1013 1539 Assidentem
1037 1481 1141 1558 conspi

155 1566 209 1627 rati
232 1564 334 1643 specie
353 1561 444 1622 cilicii
465 1563 729 1631 circumsteterunt;
757 1564 886 1643 ilicoque
903 1562 1022 1623 cimber
1040 1563 1142 1623 'lillius

154 1651 203 1730 qui
225 1649 332 1728 primas
353 1654 453 1726 partes
476 1655 661 1725 susceperat,
684 1649 766 1726 quasi
791 1647 898 1726 aliquid
914 1656 1070 1724 rogaturus
1087 1664 1142 1725 pro

155 1737 220 1816 pius
242 1734 385 1807 accessit,
403 1732 593 1808 renuentique
619 1739 650 1789 et
674 1740 761 1808 gestu
787 1733 816 1789 in
841 1731 918 1791 aliud
938 1739 1053 1809 tempus
1074 1731 1142 1790 dille

154 1819 229 1880 renti
246 1814 281 1876 ab
298 1823 420 1893 utroque
439 1832 539 1874 umero
564 1823 664 1890 togam
683 1813 888 1892 adprehendit:
909 1813 1014 1873 deinde
1032 1815 1136 1874 clama

155 1912 229 1963 tem:
252 1897 321 1960 tcta
336 1897 458 1978 quidem
471 1898 520 1958 cis
537 1905 584 1958 cst
592 1943 601 1973 ,
622 1898 697 1958 alter
711 1915 729 1957 e
743 1897 846 1958 Cascis
863 1916 997 1958 aversum
1011 1898 1143 1956 vulnera

156 1985 273 2068 paulum
299 1983 373 2043 inira
392 1982 529 2059 iugulum.
566 1981 674 2043 Caesar
699 1980 813 2042 Cascae
834 1981 983 2041 brachium
1007 1991 1139 2060 arrepto

157 2069 282 2150 graphio
299 2068 427 2143 traiecit,
453 2076 632 2145 conatusque
653 2066 790 2145 prosilire
812 2065 872 2126 alio
888 2066 1011 2124 vnlnere
1026 2065 1139 2124 tardato

158 2164 219 2223 est;
240 2162 328 2231 utque
347 2151 546 2211 animadvertit
568 2150 691 2228 undique
710 2169 743 2209 se
759 2150 868 2208 strictis
884 2148 1063 2228 pugionibus
1086 2167 1125 2228 pe

157 2248 228 2315 toga
242 2245 329 2315 caput
344 2235 493 2311 obvolvit,
515 2234 598 2294 simul
618 2236 733 2293 sinistra
743 2250 828 2292 manu
839 2236 932 2292 sinum
947 2231 985 2292 ad
1000 2235 1058 2294 ima
1073 2252 1092 2292 c
1115 2258 1118 2280 ι

157 2321 291 2396 deduxit,
330 2336 388 2396 quo
416 2319 566 2378 honestius
591 2317 710 2377 caderet
741 2318 826 2376 etiam
853 2317 993 2376 inferiore
1019 2318 1142 2396 corpori

158 2414 241 2483 parte
263 2402 369 2461 velata.
402 2401 499 2479 Atque
522 2404 562 2461 ita
587 2401 678 2459 tribus
702 2409 733 2459 et
751 2401 853 2478 viginti
877 2400 974 2479 plagis
999 2401 1142 2461 confosso

158 2496 218 2560 est,
240 2502 297 2544 uno
325 2483 469 2545 modoad
490 2487 612 2562 primum
635 2487 723 2543 ictum
743 2485 853 2560 gemitu
874 2486 938 2543 sine
958 2500 1036 2544 voce
1061 2484 1141 2543 edito

158 2571 214 2630 etsi
235 2566 413 2628 tradiderunt
433 2567 548 2646 quidam
565 2568 666 2628 llarco
687 2568 776 2627 Bruto
799 2569 919 2627 irruenti
941 2567 1069 2627 dixisse:
1092 2568 1126 2628 K
1132 2600 1143 2615 ι

158 2642 202 2713 σὺ
227 2647 362 2724 τέκνοις
383 2650 547 2726 Exanimis,
581 2651 800 2728 diffugientibus
828 2653 957 2728 eunctis,
993 2651 1139 2730 aliquandi

159 2738 263 2811 iacuit,
284 2734 379 2795 donec
397 2734 522 2794 lecticae
536 2737 717 2813 impositum,
739 2734 924 2814 dependente
940 2735 1075 2811 brachio,
1133 2764 1143 2786 ι

159 2818 271 2881 servoli
292 2817 407 2878 domum
430 2818 598 2878 retulerunt.
624 2818 688 2878 Nec
709 2821 738 2877 in
760 2827 806 2877 tot
827 2819 1014 2896 vulneribus,
1039 2827 1073 2878 nt
1100 2820 1138 2878 hu

159 2906 253 2964 tistius
267 2900 396 2962 medicus
415 2901 614 2978 existimabat,
637 2903 725 2962 letale
741 2903 830 2961 ullum
851 2913 1001 2982 repertu
1017 2910 1083 2980 est,
1104 2922 1143 2961 ιιι·

159 2986 237 3065 qaod
252 2985 380 3046 secundo
396 2985 465 3046 loco
482 2987 511 3044 in
527 2995 649 3063 pectore
663 2994 831 3064 acceperat

221 3068 329 3129 Fuerat
349 3072 457 3129 animus
483 3071 640 3129 coniuratis
661 3087 769 3147 corpus
791 3071 885 3128 occisi
903 3071 934 3127 in
952 3068 1084 3129 'liberim
1113 3095 1119 3116 ι

158 3151 247 3227 here,
267 3152 345 3213 bona
354 3152 523 3232 publicare,
542 3163 607 3213 acta
622 3151 807 3228 rescindere,
829 3151 884 3212 sed
900 3162 979 3212 metu
994 3152 1090 3213 larci
1112 3197 1117 3205 .
1139 3187 1140 3203 ι

116 3236 223 3297 Potoni
242 3235 371 3295 consulis
394 3245 424 3296 et
436 3238 566 3312 magistri
587 3238 713 3314 equitnm
731 3235 833 3314 Lepidi
851 3235 1035 3295 deffitmt
1057 3235 1096 3295 r·
1110 3263 1132 3289 ε·

159 3314 238 3373 laute
262 3334 336 3391 ergo
355 3318 444 3379 Lucio
466 3319 572 3378 Pisone
593 3337 699 3379 socero
721 3328 923 3379 testamentum
944 3323 1009 3379 eins
1031 3323 1117 3398 aperi
1137 3347 1140 3368 ι

160 3400 355 3473 recitaturque
376 3405 406 3458 in
431 3402 538 3460 hatoni
562 3400 665 3475 domo,
704 3401 783 3479 quod
808 3403 908 3462 Idibus
937 3403 1140 3482 Septembrib

161 3480 298 3558 proximis
325 3482 355 3537 in
375 3481 519 3540 Lauicano
540 3499 594 3540 sno
615 3483 728 3543 lecerat
749 3484 1033 3565 demandaueratque
1053 3491 1086 3547 vi
1108 3517 1116 3556 3
