2256 3930
466 247 767 297 nnvuscnsnnrns.
1045 235 1106 300 tto

109 422 179 482 cas,
199 413 228 463 et
246 404 303 464 boc
316 403 438 483 amplius
454 403 529 482 patri
546 404 694 462 circenses
712 419 821 462 annuos
837 402 923 462 natali
939 401 1002 471 die;
1024 403 1107 462 matri

109 496 294 567 carpentum,
314 504 371 565 quo
388 504 442 565 per
457 486 565 546 circum
586 484 755 562 duceretur,
778 495 807 544 et
827 502 992 584 cognomen
1007 484 1105 562 Augu·

109 581 189 649 stae,
206 571 242 630 ab
259 573 325 630 riva
339 579 512 630 recusatam.
543 567 589 628 Ad
605 568 700 628 iratris
714 570 895 645 memoriam,
923 586 1106 648 peromnem

110 655 296 715 occasionem
313 652 501 729 celebratam,
518 651 695 712 comoediam
708 669 823 730 qnoque
839 651 978 713 Graecam
988 652 1104 752 Neapo-

68 748 97 833 ,⁶
110 739 200 799 litano
223 738 378 797 certamine
401 736 500 796 docuit
519 753 554 794 ac
574 735 609 794 de
633 736 775 795 sententia
801 735 923 795 iudicum
944 737 1104 797 coronavit

108 821 154 881 Ne
166 820 294 880 llaroum
308 820 422 919 quidem
433 819 588 879 Antonium
598 817 799 878 inhonoratum
811 836 845 878 ac
858 819 920 878 sine
933 827 1016 896 grata
1027 836 1104 878 men-

70 932 73 936 ·
109 907 188 965 tione
206 905 377 980 transmisit,
393 911 514 963 testatus
526 900 668 982 qnondam
684 919 737 978 per
749 901 887 979 edictum,
904 911 982 962 tanto
995 903 1104 980 impen-

68 1016 73 1021 ·
109 991 169 1048 sius
184 995 286 1067 petere
300 1005 333 1046 se
345 996 375 1046 ut
388 985 511 1046 natalem
525 986 614 1064 patris
624 984 710 1044 Drusi
726 984 909 1045 celebrarent
915 984 1018 1064 ,quod
1029 984 1105 1044 idem

68 1080 189 1136 resset
212 1079 241 1129 et
261 1071 308 1131 avi
329 1071 373 1129 sni
393 1069 520 1129 Antonii.
563 1068 680 1128 Tiberio
702 1085 891 1128 marmoreum
914 1086 1011 1130 arcum
1026 1070 1104 1128 iuxta

68 1153 228 1239 dtPompei
243 1153 399 1229 theatrum,
416 1152 563 1212 decretum
573 1151 686 1229 quidem
696 1152 763 1211 olim
774 1171 790 1211 a
800 1161 901 1212 senatu
908 1169 1008 1211 verum
1020 1152 1103 1211 omis·

68 1251 71 1304 t
106 1257 187 1315 sum,
205 1239 330 1315 peregit.
343 1236 394 1298 Gai
409 1253 523 1315 quoque
534 1237 588 1295 etsi
600 1244 663 1295 acta
677 1252 770 1295 omnia
778 1236 911 1313 rescidit
925 1235 1001 1295 diem
1010 1244 1104 1295 tamen

105 1323 205 1397 necis,
222 1323 351 1399 quamvis
369 1318 518 1380 exordium
533 1320 710 1399 principatus
728 1319 785 1396 sui,
806 1321 897 1379 vetuit
916 1320 991 1378 inter
1010 1318 1104 1379 lestos

104 1405 222 1465 referri.

173 1487 214 1547 At
234 1487 263 1546 in
285 1494 376 1546 semet
393 1486 527 1563 augendo
549 1504 655 1564 parcus
674 1495 759 1566 atquo
781 1485 890 1563 civilis,
916 1487 1127 1565 praenominel

70 1571 296 1650 simperatoris
317 1569 467 1646 abstinuit,
495 1571 597 1629 nimios
620 1569 748 1630 honores
766 1571 927 1647 recusavit,
957 1569 1105 1649 sponsalia

105 1656 185 1716 tiliae
199 1652 381 1732 natalemque
396 1654 487 1730 geniti
502 1655 617 1732 nepotis
636 1652 750 1714 silentio
769 1672 803 1714 ac
823 1662 929 1713 tantum
944 1653 1105 1714 domestica

104 1738 252 1814 religione
273 1740 423 1813 transegit.
454 1734 604 1795 Neminem
624 1737 739 1796 exulum
753 1738 806 1796 nisi
822 1755 860 1796 ex
874 1745 990 1796 senatus
1006 1746 1103 1797 aucto·

103 1825 193 1882 ritate
219 1821 351 1879 restituit.
380 1821 419 1882 Ut
433 1820 487 1878 sibi
505 1821 533 1879 in
552 1821 658 1879 curiam
674 1821 852 1899 praelectum
870 1823 998 1898 praetori
1017 1820 1103 1879 tribu-

104 1922 221 1982 nosque
230 1904 347 1962 militum
359 1921 457 1963 secum
466 1903 602 1963 inducere
614 1903 717 1962 liceret
724 1912 906 1982 ,utquerata
918 1912 1017 1962 essent
1030 1920 1103 1980 quae

68 1996 95 2038 ὓ
105 1995 314 2069 procuratores
329 1988 372 2045 sui
387 1989 415 2045 in
428 1986 579 2046 iudicando
595 1995 769 2063 statuerent,
785 1987 918 2064 precario
935 1987 1042 2061 exegit.
1057 1985 1104 2043 lus

103 2069 322 2131 nundinarum
313 2088 341 2128 ιιι
363 2071 474 2148 privata
491 2069 609 2148 praedia
631 2069 829 2129 aconsulibus
844 2071 925 2147 petit.
955 2067 1104 2145 Cognitio-

103 2154 192 2214 nibus
204 2154 419 2230 magistratuum
430 2161 461 2212 ut
476 2171 547 2211 unus
562 2171 578 2211 e
595 2152 764 2212 consiliariis
777 2153 945 2229 frequenter
961 2152 1103 2221 interluit;

105 2235 228 2298 eosdem
242 2236 410 2314 spectacula
427 2236 539 2295 edentis
556 2254 678 2313 surgens
694 2237 800 2313 etipse
820 2252 882 2294 eum
905 2244 1002 2294 cetera
1023 2234 1104 2294 turba

104 2337 185 2381 voce
200 2336 235 2379 ac
248 2336 331 2379 manu
344 2328 497 2380 veneratus
509 2327 562 2378 est.
580 2319 638 2379 ΤΗ.
654 2319 707 2379 PL.
723 2317 890 2378 adeuntibus
903 2336 935 2377 se
949 2335 1003 2397 pro
1017 2318 1104 2377 tribu·

68 2403 164 2464 unali
182 2405 348 2479 excusavit,
365 2403 441 2481 quod
457 2411 579 2482 propter
589 2405 736 2479 angustias
751 2420 809 2461 non
822 2411 925 2480 posset
940 2401 1037 2462 audire
1051 2419 1104 2461 eos

105 2488 163 2547 nisi
179 2495 297 2546 stantes.
320 2486 416 2560 Quare
433 2489 460 2545 in
478 2486 561 2545 brevi
583 2488 677 2564 spatio
694 2495 799 2546 tantum
815 2486 920 2546 amoris
937 2486 1104 2564 lavorisqne

106 2570 246 2646 collegit,
269 2578 299 2628 ut
320 2587 383 2628 oum
405 2570 568 2649 profectum
588 2587 652 2629 euru
675 2569 782 2629 Ostiam
803 2571 915 2647 perisse
941 2587 979 2628 ex
995 2569 1104 2628 insidiis

104 2653 263 2712 nuntiatum
284 2661 377 2730 esset,
404 2670 508 2730 magna
536 2655 768 2713 consternatione
791 2652 915 2731 populus
936 2661 965 2711 et
987 2653 1105 2711 militem

106 2736 190 2814 quasi
207 2735 402 2813 proditorem,
424 2745 453 2796 et
470 2745 598 2797 senatum
615 2738 695 2815 quasi
712 2735 882 2815 parricidam
899 2734 967 2794 diris
985 2752 1104 2794 execra-

68 2817 236 2880 rotionibus
252 2820 401 2878 incessere
417 2837 475 2878 non
492 2829 556 2879 ante
572 2818 726 2897 destiterit,
742 2837 825 2898 quam
842 2837 913 2878 unus
929 2826 1013 2895 atque
1032 2817 1106 2876 alter

107 2911 136 2961 et
151 2918 222 2960 mox
239 2901 351 2980 plures,
371 2921 386 2961 a
402 2901 616 2978 magistratibus
630 2905 658 2962 in
673 2911 769 2962 rostra
787 2902 934 2980 producti,
950 2901 1060 2959 salvum
1076 2908 1106 2959 et

106 2985 341 3064 appropinquare
357 2985 540 3045 affirmarent.

169 3065 234 3126 Nec
256 3076 350 3127 tamen
372 3087 478 3146 expers
496 3069 657 3128 insidiarum
684 3087 775 3147 usque
797 3085 909 3148 quaque
939 3067 1104 3144 permansit,

107 3151 159 3211 sed
175 3159 204 3209 et
219 3169 234 3210 a
250 3151 370 3227 singulis
386 3160 418 3210 et
430 3169 483 3229 per
503 3152 658 3211 factionem
680 3161 708 3211 et
726 3151 848 3229 denique
871 3149 948 3209 civili
968 3148 1070 3208 bello'
1062 3167 1102 3208 rn-

68 3224 230 3306 elestatus
245 3243 299 3292 est
317 3234 342 3294 E
359 3234 446 3311 plebe
464 3233 549 3294 bomo
567 3243 654 3293 nocte
669 3235 761 3294 media
776 3236 853 3292 iuxta
867 3231 1027 3293 cubiculum
1042 3233 1103 3291 eius

68 3335 171 3404 ,oum
190 3317 318 3394 pugione
342 3316 540 3395 deprehensus
562 3326 620 3386 est;
645 3319 753 3395 reperti
778 3325 806 3375 et
828 3315 971 3395 equestris
995 3314 1104 3374 ordinis

68 3364 186 3475 duo
178 3418 207 3458 ιιι
224 3400 342 3478 publico
358 3418 420 3460 cum
436 3400 542 3460 dolone
557 3417 592 3459 ao
606 3401 757 3460 venatorio
774 3399 866 3459 cultro
880 3398 1105 3477 praestolantes,

68 3483 181 3558 alter
198 3492 228 3542 ut
243 3501 394 3560 egressum
409 3483 536 3561 theatro,
559 3482 632 3542 alter
646 3492 675 3542 ut
693 3484 901 3543 sacrificantem
916 3481 991 3561 apud
1006 3481 1107 3541 Martis
