2286 3944
123 195 183 256 1²4
221 205 252 252 c.
263 203 414 252 suasores
429 203 556 262 nmo.
571 203 619 248 nn
632 202 716 250 vura
731 201 915 249 cnusauuu
929 203 1001 250 nrm.
1015 204 1078 252 1111.

120 360 275 438 gloriatum
300 359 375 416 euim
397 359 511 416 assidue
533 361 562 414 in
583 354 830 416 commemoranda
851 374 903 416 sua
930 357 1057 433 pietate,
1084 357 1116 417 ad

120 441 315 503 ulciscendam
334 458 437 499 necem
457 442 556 499 matris
575 447 605 497 et
629 439 746 498 iratrum
766 439 903 498 introisse
926 457 962 498 se
983 457 1049 498 cum
1070 459 1115 519 pu-

120 529 208 603 gione
235 523 398 583 cubiculum
427 523 536 584 'liberii
563 523 745 598 dormientis,
771 530 801 580 et
827 523 1030 584 misericordia
1059 542 1115 584 cor·

120 617 233 688 reptum
248 607 364 669 abiecto
385 607 465 667 ierro
485 608 659 674 recessisse;
677 622 733 664 nec
750 605 843 680 illum,
869 623 1041 685 quamquam
1057 625 1114 666 sen·

120 694 224 767 sisset,
244 700 291 751 aut
304 693 449 769 inquirere
464 693 614 769 quicquam
630 697 678 748 aut
694 689 799 767 exequi
814 707 922 748 ausum.
1122 714 1132 752 u

80 781 113 833 13
184 776 235 834 Sic
254 776 405 852 imperium
424 773 561 852 adeptus,
584 771 616 832 P.
637 773 673 832 R.
696 771 761 850 (vel
779 771 872 831 dicam
897 771 1046 832 bominum
1070 792 1115 850 ge-

119 856 211 936 nosi)
238 861 298 918 roti
325 867 488 936 compotem
512 857 594 931 iecit,
616 857 850 933 exoptatissimus
871 857 1012 934 princeps
1033 858 1114 917 maxi·

119 962 183 1002 mae
199 944 273 1021 parti
288 941 507 1020 provincialium
523 957 557 998 ac
576 939 710 1014 militum,
731 938 808 1017 quod
827 939 965 999 infantem
985 939 1115 1018 plerique

122 1033 337 1103 cognoverant3
356 1024 408 1083 sed
428 1032 457 1082 et
478 1023 630 1082 universae
653 1022 732 1100 plebi
751 1022 876 1082 urbanae
899 1022 938 1081 ob
953 1025 1114 1084 memoriam

121 1109 283 1171 Germanici
311 1108 402 1186 patris
430 1108 702 1184 miserationemque
727 1123 821 1184 prope
849 1104 976 1166 afflictae
1007 1106 1139 1167 domusn

120 1193 221 1272 ltaque
237 1202 267 1251 nt
287 1209 304 1250 a
327 1191 439 1250 lliseno
460 1190 549 1248 movit
569 1191 698 1266 quamuis
720 1189 845 1266 lugentis
864 1188 963 1248 babitu
989 1199 1019 1249 et
1036 1191 1114 1249 funus

121 1277 219 1336 'liberi
238 1290 436 1352 prosequens,
456 1281 549 1331 nmen
572 1275 647 1331 inter
666 1272 767 1332 altaria
786 1281 815 1331 et
831 1273 962 1332 victimas
978 1273 1114 1333 ardentis-

121 1378 176 1438 que
196 1357 296 1416 taedas
310 1355 481 1415 densissimo
499 1364 529 1414 et
547 1355 705 1415 laetissimo
721 1355 872 1416 obviorum
886 1357 1002 1432 agmine
1025 1359 1114 1417 inces-

120 1445 167 1516 sit,
178 1457 266 1516 super
280 1439 372 1498 iansta
384 1441 499 1499 nomina
513 1438 591 1498 sidus
606 1448 635 1498 et
646 1439 755 1516 pullum
769 1448 798 1499 et
813 1456 919 1517 pupum
932 1447 962 1498 et
977 1439 1113 1500 alumnum

80 1522 339 1601 ltappellantium;
360 1524 554 1601 ingressoque
575 1522 693 1599 urbem,
720 1524 813 1583 statim
837 1540 982 1582 consensu
1000 1533 1138 1583 senatuso

119 1617 148 1666 et
159 1607 342 1683 irrumpentis
356 1607 385 1664 iu
402 1607 508 1666 curiam
522 1605 640 1683 turbae,
662 1607 745 1666 inrita
765 1605 871 1666 Tiberii
888 1605 1049 1684 voluntate,
1071 1607 1113 1685 qui

118 1697 290 1750 testamento
309 1689 428 1748 alterum
443 1699 579 1768 nepotem
594 1708 675 1749 suum
695 1698 903 1767 praetextatum
918 1688 1013 1750 adbuc
1030 1690 1112 1751 cobe-

118 1772 217 1832 redem
239 1774 266 1832 ei
282 1772 418 1850 dederat,
439 1775 482 1833 ius
504 1773 705 1852 arbitriumque
730 1773 852 1832 omnium
871 1790 967 1831 rerum
988 1773 1030 1833 illi
1053 1792 1112 1852 per-

118 1858 233 1916 missum
254 1865 315 1933 est,
335 1865 413 1917 tanta
433 1856 549 1935 publica
569 1857 677 1917 laetitia
695 1865 725 1915 ut
744 1855 835 1915 tribus
854 1857 994 1934 proximis
1013 1859 1112 1918 mensi·

118 1940 172 2000 bus
194 1959 229 2000 ac
249 1958 286 1999 ne
306 1941 373 2000 totis
393 1939 507 2018 quidem
527 1958 615 2020 snpra
638 1948 750 1999 eentum
772 1941 922 2017 sexaginta
939 1940 1019 2000 milia
1036 1941 1138 2000 victi-n

118 2043 226 2085 marum
241 2042 328 2084 caesa
346 2023 500 2084 tradantur.

183 2107 253 2168 Cum
266 2106 368 2168 deinde
394 2125 504 2186 pancos
534 2116 602 2184 post
629 2107 691 2167 dies
717 2108 744 2166 in
771 2107 918 2185 proximas
940 2105 1113 2185 Campaniae

118 2192 227 2251 insulas
242 2194 420 2267 traiecisset,
446 2200 513 2251 vota
539 2208 592 2270 pro
608 2191 700 2251 reditu
721 2199 857 2268 suscepta
877 2198 958 2266 sunt,
981 2192 1112 2250 nemini·

118 2295 191 2335 mam
205 2276 320 2353 quidem
343 2278 528 2335 occasionem
553 2292 695 2352 quoquam
711 2275 858 2334 omittente
883 2276 911 2332 in
933 2274 1113 2334 testificanda

118 2358 312 2419 sollicitudine
327 2367 356 2416 et
378 2375 447 2417 cura
464 2358 500 2418 de
514 2357 709 2417 incolumitate
724 2360 795 2417 eius.
823 2357 862 2418 Ut
874 2374 946 2417 vero
967 2359 995 2415 in
1012 2357 1136 2418 adver-o

117 2459 177 2500 sam
194 2440 376 2499 valitudinem
402 2441 513 2518 incidit,
541 2441 776 2517 pernoctantibus
802 2441 912 2500 cunctis
932 2440 1013 2500 circa
1036 2441 1111 2503 Pala·

116 2524 198 2597 tium,
220 2539 277 2581 non
298 2521 450 2582 defuerunt
472 2525 519 2602 qui
541 2523 756 2600 depugnaturos
782 2542 815 2583 se
837 2524 922 2585 armis
940 2540 994 2601 pro
1023 2525 1112 2584 salute

117 2607 198 2682 aegri
215 2607 320 2683 quique
337 2606 430 2683 capita
450 2625 500 2667 sua
521 2605 602 2666 titulo
620 2609 772 2686 proposito
794 2614 945 2666 voverent.
976 2605 1112 2668 Accessit

118 2691 152 2750 ad
178 2692 343 2748 immensum
371 2690 473 2748 civium
497 2707 624 2749 amorem
654 2691 788 2751 notabilis
816 2692 902 2750 etiam
927 2699 1111 2750 externorum

117 2775 211 2834 lavor.
244 2772 373 2850 Namque
395 2772 558 2833 Artabanus
587 2772 755 2834 Parthorum
784 2792 853 2851 rex,
883 2772 977 2834 odium
998 2787 1135 2853 sempera

118 2865 366 2936 contemptumque
382 2855 478 2916 Tiberi
494 2875 564 2934 prae
582 2876 615 2916 se
636 2857 749 2934 ferens,
771 2858 923 2917 amicitiam
937 2855 1023 2916 buius
1040 2859 1110 2918 ultro

118 2942 200 3020 petiit
221 2941 356 3018 venitque
387 2940 422 2999 ad
449 2940 623 3018 colloquium
649 2940 738 3018 legati
769 2940 945 3015 consularis,
973 2949 1002 2999 et
1024 2950 1110 3001 trans-

116 3043 235 3101 gressus
257 3023 424 3100 Euphraten
450 3024 560 3102 aquilas
590 3032 619 3082 et
644 3025 726 3100 signa
748 3024 876 3084 Romana
899 3021 1111 3104 Caesarumque

116 3109 256 3185 imagines
276 3105 412 3166 adoravit.

74 3202 107 3254 15
179 3188 354 3249 Incendebat
377 3199 406 3249 et
432 3192 496 3269 ipse
514 3189 605 3250 studia
626 3191 768 3250 homiuum
791 3191 866 3250 omni
886 3209 997 3268 genere
1021 3210 1134 3272 popu-tt

116 3273 243 3332 laritatis.
282 3271 400 3334 Tiberio
424 3273 637 3351 complurimis
665 3274 789 3332 lacrimis
812 3291 865 3352 pro
890 3274 1029 3335 contione
1056 3277 1110 3337 lau·

116 3355 182 3415 dato
216 3355 407 3437 funeratoque
440 3357 627 3418 amplissime.
671 3356 822 3416 confestim
855 3356 1056 3418 Pandateriam
1086 3366 1112 3418 et

116 3438 231 3500 Ponllstq
246 3437 280 3490 aad
301 3441 473 3490 *canole-prat
667 3440 808 3490 burrianum,
826 3441 938 3501 (eineres
953 3440 1111 3519 festinavit,
