2256 3930
413 288 620 336 PRAEFATIO.
922 287 957 338 01

119 447 256 504 flosculis
278 453 360 517 atque
381 445 476 502 herbis
498 464 513 501 e
537 447 617 502 l’rato
638 445 779 519 decerptis
801 450 956 503 addendam

57 549 167 606 quoque
188 530 339 585 iudicarem
365 535 446 600 caput
471 530 510 584 da
535 530 683 588 vocibus
711 529 955 601 animantium,

57 618 82 673 si
111 617 146 671 de
170 613 335 669 auctoritate
367 612 450 684 paulo
480 613 608 669 securior
634 630 731 669 essem.
777 615 860 670 Solus
884 616 956 670 eninr

57 697 233 756 Boubornius
262 697 296 752 ad
317 696 403 751 Plauti
425 695 617 752 llenaeobmos
639 702 673 767 4,
703 703 735 766 2,
766 704 799 757 91
827 693 956 755 ‘Vetus

57 779 310 854 grammaticus
334 779 526 848 Sidonius,
546 779 653 850 inqult,
674 781 752 834 ouius
775 781 957 850 fragmentum

58 868 93 921 de
109 864 226 921 vocibus
242 861 416 917 anImautium
438 861 464 915 in
482 862 588 932 aliquot
603 862 755 919 Glossariis
772 863 877 919 nostris
893 881 957 920 mss.

57 948 175 1018 legitur:
197 952 297 1000 noctua
318 944 460 1000 cucubaf'.
505 945 646 1001 Eiusmodi
668 947 809 1016 glossaria
827 947 862 1001 de
879 947 957 1003 sonis

57 1030 215 1086 animalium
230 1030 285 1084 duo
297 1027 442 1083 Leidensia
459 1029 546 1083 edidit
556 1031 723 1084 Burmannus
739 1029 766 1083 iu
777 1029 959 1100 Antbologia,

58 1112 273 1169 vetustissimum
295 1112 448 1182 exemplum
463 1112 640 1181 Aldbelmus,
662 1112 708 1182 qui
729 1129 753 1167 a.
769 1118 821 1172 709
836 1119 959 1168 mortuus

57 1203 110 1261 est,
130 1195 253 1251 servavit
271 1195 343 1264 apud
359 1193 393 1248 Α.
407 1194 506 1249 llaium
521 1195 549 1248 in
566 1195 700 1254 classicis
715 1204 730 1254 5
747 1213 774 1267 p.
793 1196 837 1251 Lll
855 1202 883 1249 et
897 1201 957 1255 569.

59 1280 117 1335 Sed
129 1278 272 1335 Sidonium
281 1272 316 1350 98)
328 1278 534 1346 grammaticum
551 1285 663 1349 praeter
674 1279 872 1348 Boxhoruium,
888 1279 960 1334 levis

58 1361 233 1419 auctoritatis
251 1360 404 1428 bominem,
425 1359 453 1414 in
474 1361 526 1415 bac
551 1378 582 1415 re
604 1377 682 1417 nemo
700 1363 867 1433 appellavit;
889 1361 960 1417 alio-

58 1446 125 1517 quin
140 1447 210 1500 baec
225 1444 373 1500 verborum
389 1444 423 1498 de
446 1444 523 1499 sonis
547 1445 703 1500 animalium
720 1445 890 1501 enumeratio
906 1460 960 1500 non

58 1529 236 1583 iniucundum
251 1527 392 1582 l’ratorum
408 1533 490 1598 caput
506 1526 596 1582 videri
612 1535 709 1599 posset
723 1528 895 1600 implevisse.

123 1612 247 1682 Denique
261 1610 358 1682 paucis
375 1610 520 1665 dicendum
537 1617 581 1665 est
599 1613 633 1666 da
651 1611 686 1666 iis
705 1611 802 1680 libris,
825 1628 894 1682 quos
916 1611 959 1665 in·
987 1615 1104 1668 pseudom-

58 1696 130 1753 iuria
147 1696 256 1766 quidam
271 1711 286 1749 a
304 1693 438 1748 SuetonIo
451 1694 573 1765 scriptos
590 1711 654 1749 esse
670 1695 776 1766 opinati
788 1701 860 1750 sunt.
1003 1667 1091 1720 grupen

123 1778 164 1832 Ac
189 1779 305 1849 primum
330 1776 440 1846 quidem
465 1779 717 1833 commemorandus
739 1784 782 1833 est
807 1793 887 1833 error
912 1773 1119 1869 vixcgffiffiu

60 1862 205 1918 credibilis
222 1878 254 1916 ac
272 1866 362 1914 tamen
380 1861 464 1929 longe
479 1859 581 1930 diuque
598 1867 732 1931 vagatus,
755 1877 810 1931 quo
829 1860 958 1916 Gaesa-
995 1928 998 1935 .
1108 1854 1113 1866 ’

58 1946 92 2003 ri
103 1963 117 2000 a
128 1945 161 1999 ni
177 1944 272 2000 balli
292 1942 424 1998 Gallici
444 1949 654 2014 ceterorumque
676 1946 736 1999 eius
756 1944 884 2015 corporis
899 1944 961 1999 bel-

59 2032 150 2085 lorum
165 2027 286 2098 scriptor
305 2026 455 2080 Suetonius
472 2026 647 2095 Tranquillus
668 2027 779 2082 babitus
797 2034 849 2081 cst.
869 2073 870 2077 ,
894 2026 962 2081 Eum

60 2127 186 2167 errorem
207 2111 242 2165 de
262 2108 438 2164 Caesarianis
460 2109 620 2178 codicibus,
643 2116 672 2164 ut
695 2111 801 2180 aliquot
826 2109 962 2179 exemplis

61 2203 133 2262 utar,
149 2192 355 2263 Bongarsianus
373 2190 578 2260 antiquissimus
592 2198 620 2246 et
631 2192 750 2263 optimus
767 2193 858 2247 statim
873 2191 963 2263 primo

60 2279 135 2334 libro
150 2277 261 2332 ineunte
278 2291 345 2347 prae
361 2290 392 2329 se
406 2273 468 2341 fert,
483 2280 537 2328 tum
549 2275 766 2344 Hamburgensis
780 2275 854 2330 libro
870 2275 920 2329 vll
937 2279 965 2328 cl

61 2361 125 2415 Vlll
142 2366 282 2427 extremo,
300 2357 478 2413 Golbertinus
494 2362 562 2418 2957
578 2360 650 2430 apud
665 2358 857 2426 montfaucon,
876 2357 964 2412 blcdi-

63 2460 129 2499 ceus
144 2442 269 2510 LXVIII,
286 2446 301 2500 7
324 2441 358 2496 de
374 2456 428 2511 quo
444 2457 527 2512 supra
549 2459 575 2513 p.
592 2443 680 2498 xxlv
694 2441 796 2497 dictum
812 2448 864 2496 est.
908 2439 965 2495 Ac-

63 2527 145 2582 cedat
159 2524 386 2581 Vindobonensis
408 2525 498 2578 codex
522 2530 571 2594 60,
597 2525 741 2582 historiam
758 2524 964 2581 miscellaneam

62 2610 182 2666 noudum
202 2607 297 2664 formis
315 2607 475 2678 impressam
497 2609 658 2678 contiuens,
680 2609 708 2664 in
725 2625 778 2680 qua
795 2609 869 2664 bella
886 2607 965 2662 deiu-

63 2710 131 2765 ceps
144 2693 277 2749 Gallicum
289 2689 378 2745 Civile
386 2689 547 2746 Africanum
556 2692 772 2748 Alexandrinum
780 2691 965 2763 Hispaniense

62 2777 98 2832 ‘a
114 2775 247 2831 Suetonio
262 2774 350 2829 milite
366 2772 495 2829 Caesaris
511 2781 539 2828 et
555 2776 650 2831 forsan
667 2792 773 2847 proavo
790 2776 850 2830 eius
866 2773 912 2844 qui
931 2773 966 2827 dc

63 2860 120 2916 vita
137 2859 285 2915 Caesarum
300 2856 430 2928 scripsit'
450 2859 604 2928 composita
626 2876 690 2914 csse
711 2860 863 2914 traduntur.
906 2856 966 2923 ,Sed

63 2945 137 2998 idem
153 2958 233 2998 error
248 2939 455 3010 antiquissimus
471 2947 520 3002 est,
539 2958 599 2996 cum
613 2942 708 3013 quicto
724 2942 837 2997 saeculo
855 2941 967 2994 ineunte

64 3026 181 3081 Orosius
195 3025 222 3079 iu
237 3023 380 3094 Hispania,
398 3023 489 3078 medio
505 3023 637 3081 Sidonius
651 3024 823 3096 Apollinaris
835 3023 863 3077 iu
878 3021 968 3076 Gallia

65 3110 91 3165 ci
108 3108 247 3165 obnoxius
268 3106 361 3161 fucrit·
404 3106 455 3160 lllc
472 3106 544 3162 enim
565 3124 616 3163 suo
633 3107 862 3163 Caesarianorum
877 3104 968 3160 bello-

64 3210 123 3248 rum
137 3190 300 3259 summario,
317 3189 391 3260 quod
409 3205 446 3244 ex
461 3190 657 3261 superstitibus
672 3190 736 3246 Divi
752 3189 815 3244 Iulii
831 3203 972 3246 commoc-

132 3335 180 3400 98)
218 3335 300 3402 Supra
328 3337 437 3386 vidimus
461 3352 487 3402 p.
506 3336 587 3387 XCIV
609 3337 723 3388 Suetonii
743 3350 833 3387 nomen
853 3335 970 3399 frequen-

64 3416 103 3455 ter
118 3420 144 3454 ru
164 3404 289 3456 Sitoniam
310 3414 334 3455 et
355 3404 487 3455 Sidonium
507 3407 598 3457 abisse.
635 3406 672 3455 De
690 3406 794 3456 Sidonio
811 3404 904 3454 Citerio
923 3402 969 3468 Sy-

64 3489 202 3536 racusano,
227 3476 270 3538 qui
285 3475 393 3524 Ausonii
414 3475 527 3538 aequalis
543 3475 623 3526 fuisse
642 3474 749 3533 dicitur,
778 3488 819 3523 res
835 3472 971 3523 admodum

65 3550 253 3608 suspectant,
275 3557 307 3591 an
325 3556 445 3605 umquam
464 3545 564 3594 leerit.
