2286 3944
395 255 500 310 nrvus
517 262 704 312 suonsnus.
1018 251 1058 310 63

56 440 97 482 ac
118 419 283 479 nominatim
307 417 438 494 singulos
461 416 538 475 nullo
562 416 767 486 submonente;
799 419 884 476 etiam
906 415 1060 476 discedens

57 503 165 565 eodem
187 500 273 561 modo
294 500 459 560 sedentibus
479 500 579 560 valere
600 499 722 560 dicebat.
757 500 860 560 Officia
882 518 945 559 cum
964 500 1059 559 multis

56 596 158 648 mutuo
174 587 321 662 exercuit,
344 603 399 644 nec
414 585 494 661 prius
510 583 571 642 dies
588 586 725 661 cuiusque
746 585 904 643 sollemnes
924 584 1058 662 frequen·

56 682 124 732 tare
138 669 236 745 desiit,
255 686 339 746 quam
354 667 456 744 grandi
473 668 528 726 iam
543 676 609 725 natu
626 676 655 725 et
671 669 699 725 in
715 667 797 727 turba
813 667 955 746 quondam
970 685 1057 746 spon·

25 754 198 815 osaliorum
217 751 265 812 die
284 761 415 811 vexatus.
457 750 568 812 Gallum
592 750 751 810 Terrinium
777 760 941 810 senatorem
967 753 1058 811 minus

57 837 117 898 sibi
135 836 320 912 familiarem,
342 834 394 895 sed
417 843 531 914 captum
549 843 671 912 repente
693 834 786 893 oculis
808 843 837 893 et
858 834 896 893 ob
917 834 945 893 id
964 834 1058 894 inedia

55 922 133 980 mori
149 920 337 979 destinantem
350 937 491 995 praesens
509 917 686 976 consolando
701 919 851 976 revocavit
866 917 902 977 ad
919 920 1015 977 vitam.

123 1002 156 1062 ln
171 1011 271 1062 senatu
285 1001 375 1061 verba
388 1003 505 1062 facienti
521 1001 626 1060 dictum
644 1010 702 1062 est:
720 999 791 1062 Nou
809 1001 962 1077 intellexi,
978 1009 1007 1059 et
1022 1000 1058 1059 ab
1065 1012 1100 1066 54

57 1088 135 1148 alio:
159 1085 410 1146 Contradicerem
425 1084 494 1162 tibi,
510 1085 539 1144 si
552 1084 652 1145 locum
666 1084 820 1145 ituberem.
860 1084 1004 1144 Interdum
1021 1084 1058 1143 ob

19 1169 227 1230 roimmodicas
254 1170 474 1246 disceptantium
495 1169 701 1229 altercationes
723 1188 740 1228 e
760 1171 838 1228 curia
858 1187 913 1247 per
932 1171 1003 1228 iram
1024 1186 1059 1227 se

57 1254 232 1333 proripienti
250 1252 362 1332 quidam
377 1255 577 1330 ingesserunt,
593 1252 686 1313 licere
700 1259 844 1331 oportere
861 1250 1060 1313 senatoribus

57 1337 100 1397 de
114 1353 150 1395 re
162 1354 195 1413 p,
221 1336 313 1414 loqui.
347 1334 488 1396 Antistius
510 1336 607 1396 Labeo
632 1346 749 1396 senatus
764 1337 908 1414 lectione,
932 1355 996 1396 cum
1015 1337 1060 1394 vir

55 1422 153 1481 virum
168 1419 295 1497 legeret,
311 1419 349 1479 Μ.
365 1420 503 1498 Lepidum
516 1420 629 1479 hostem
646 1421 714 1480 olim
731 1421 793 1480 eius
809 1430 838 1479 et
858 1429 926 1479 tunc
941 1419 1058 1480 exulan·

56 1515 119 1565 tem
142 1503 231 1580 legit,
255 1504 507 1581 interrogatusque
530 1503 565 1562 ab
592 1521 628 1562 eo
653 1523 688 1563 an
709 1514 807 1563 essent
827 1505 875 1563 alii
897 1505 1058 1581 digniores,

18 1610 47 1650 ts
58 1606 150 1648 mcum
166 1604 311 1665 quemque
325 1587 471 1647 iudicium
485 1586 600 1647 babere
615 1588 774 1664 respondit.
807 1587 871 1647 Nec
886 1589 952 1648 ideo
972 1586 1058 1647 liber·

60 1681 108 1731 tas
125 1679 172 1730 ant
187 1672 366 1730 contumacia
381 1671 474 1730 fraudi
490 1673 620 1749 cuiqnam
635 1672 695 1730 iuit.
725 1671 819 1730 Etiam
838 1689 958 1750 sparsos
975 1671 1010 1730 de
1025 1689 1057 1729 se
1066 1684 1100 1736 55

56 1755 184 1813 incuria
206 1753 334 1814 famosos
356 1753 473 1813 libellos
492 1774 547 1814 nec
570 1756 687 1832 expavit
707 1765 736 1814 et
756 1774 859 1832 magna
877 1774 946 1815 cura
960 1754 1057 1814 redar-

58 1840 123 1914 guit
145 1855 179 1897 ac
203 1855 239 1895 ne
258 1839 404 1915 requisitis
429 1838 542 1916 quidem
562 1838 743 1915 auctoribus,
771 1840 800 1898 id
825 1839 911 1898 modo
937 1839 1058 1913 censuit,

60 1920 297 1997 cognoscendum
313 1921 434 1998 posthac
448 1922 484 1981 de
498 1924 549 1997 iis,
566 1923 614 1999 qui
631 1922 747 1981 libellos
762 1931 809 1982 aut
826 1924 950 1982 carmina
966 1921 1002 1981 ad
1017 1923 1058 1979 in-

18 2020 48 2060 eo
59 2004 175 2064 famiam
191 2005 345 2082 cuiuspiam
360 2004 412 2063 sub
428 2005 523 2064 alieno
538 2006 651 2064 nomine
667 2006 761 2064 edant.

124 2086 201 2146 locis
217 2105 331 2165 qnoque
343 2089 519 2166 quorundam
533 2088 682 2146 invidiosis
697 2098 744 2148 aut
757 2088 951 2166 petulantibus
965 2087 1101 2147 laces-56

59 2173 148 2245 situs,
165 2171 335 2230 contradixit
350 2172 454 2231 edicto.
484 2171 522 2231 Et
538 2181 631 2230 tamen
643 2190 679 2229 ne
691 2172 727 2230 de
740 2171 892 2230 inhibenda
906 2179 1057 2229 testamen-

58 2263 154 2314 torum
165 2253 280 2314 licentia
294 2256 445 2333 quicquam
456 2257 694 2331 constitueretur,
711 2257 884 2314 intercessit.
917 2255 1058 2329 Quotiens

58 2339 274 2414 magistratuum
291 2340 413 2398 comitiis
427 2341 596 2415 interesset,
619 2338 708 2398 tribus
731 2357 795 2398 oum
817 2338 973 2398 candidatis
999 2339 1058 2397 suis

20 2442 48 2482 as
60 2420 201 2481 circuibat
216 2423 456 2500 supplicabatque
470 2441 551 2482 more
565 2422 705 2482 sollemni.
736 2422 862 2482 Ferebat
878 2433 906 2482 et
921 2424 985 2501 ipse
1000 2421 1057 2480 sui·

58 2505 183 2580 fragium
201 2506 230 2564 in
252 2505 342 2582 tribu,
363 2515 394 2566 ut
413 2525 485 2566 unus
509 2526 525 2565 e
547 2507 667 2586 populo.
706 2507 823 2568 l'estem
843 2526 876 2566 se
897 2509 925 2566 in
945 2506 1058 2566 iudiciis

58 2597 90 2648 et
105 2590 279 2665 interrogari
301 2598 330 2648 et
351 2590 462 2666 refelli,
484 2592 660 2668 aequissimo
683 2593 776 2651 animo
800 2592 971 2670 patiebatur.
1000 2590 1056 2650 Fo-

57 2690 121 2731 rum
146 2673 295 2748 angustius
320 2673 404 2749 iecit,
435 2692 492 2733 non
516 2692 601 2734 ausus
628 2684 804 2754 extorquere
835 2673 1057 2754 possessoribus

58 2756 206 2834 proximas
222 2756 333 2816 domos.
365 2757 524 2836 Numquam
538 2759 614 2818 filios
629 2776 697 2818 suos
713 2759 824 2838 populo
848 2756 1058 2818 commendavit

19 2850 48 2892 eo
60 2847 92 2897 ut
106 2855 164 2897 non
180 2839 322 2900 adiceret:
347 2839 598 2903 samosetanus.
632 2842 748 2902 Eisdem
763 2844 952 2921 praetextatis
966 2838 1057 2899 adhuc

59 2932 253 2983 assurrectum
269 2924 305 2984 ab
326 2927 470 2986 universis
488 2927 516 2984 in
537 2927 650 2986 theatro
672 2936 701 2986 et
725 2946 740 2986 a
761 2925 899 2985 stantibus
915 2924 1056 3002 plausum,

58 3008 231 3083 gravissime
255 3016 374 3086 questus
397 3018 451 3068 est.
486 3009 605 3069 Amicos
626 3012 665 3070 ita
685 3027 805 3086 magnos
830 3019 858 3068 et
880 3016 1015 3086 potentes
1029 3008 1058 3065 in

59 3089 176 3150 civitate
194 3109 260 3150 esse
275 3092 382 3169 voluit,
401 3102 431 3152 ut
446 3102 539 3154 tamen
553 3095 615 3172 pari
637 3095 699 3152 iure
716 3102 815 3152 essent
837 3109 894 3169 quo
911 3091 1000 3150 ceteri
1016 3089 1057 3149 le-

58 3173 203 3252 gibusque
225 3175 380 3236 iudiciariis
401 3195 494 3256 aeque
515 3186 691 3236 tenerentur.
733 3175 803 3235 Cum
824 3175 975 3253 Asprenas
998 3172 1057 3234 No-

19 3272 48 3314 ts
59 3259 124 3316 nius
150 3259 237 3318 artius
262 3261 289 3318 ci
314 3262 426 3320 iunctus
453 3280 568 3321 causam
593 3260 741 3336 veneficii,
770 3267 925 3318 accusante
954 3255 1056 3318 Cassio

59 3341 189 3418 Severo,
207 3343 328 3420 diceret,
343 3344 486 3404 consuluit
498 3352 637 3418 senatum,
655 3343 729 3421 quid
745 3342 901 3420 officiisut‘
909 3348 1057 3419 putoret;

58 3426 200 3485 cunctari
213 3427 291 3486 euim
306 3445 356 3503 se,
371 3446 410 3488 ue
427 3428 456 3486 si
469 3432 659 3505 superesset,
682 3426 803 3504 eripere
821 3425 939 3505 leqt‘bus
960 3443 1055 3500 reum,

56 3507 108 3568 siu
125 3508 258 3587 deesset,
274 3511 438 3571 destituere
453 3529 492 3572 oc
501 3511 735 3589 praedamnare
751 3510 881 3572 amioum
899 3509 1052 3571 eciefimo·
