2286 3944
278 41 381 141 dcinrle
398 79 435 141 ob
451 39 568 139 nimianl
581 81 786 139 contumaciam
804 87 834 136 et
849 78 1030 136 ferocitatem
1046 95 1135 153 grava

279 166 465 225 cumiuraneo
487 164 608 223 lanistae
630 161 757 221 uendidit
779 161 954 239 dilatumque
977 161 1013 220 ad
1040 163 1125 220 linem

277 257 400 327 repente
415 246 566 324 subripuit,
583 255 613 305 et
626 247 776 324 prouincia
793 244 903 304 demum
917 253 1038 322 accepta
1049 261 1133 302 manu

278 334 370 411 primo
386 331 498 407 imperii
515 329 561 389 die
578 331 673 389 aureis
689 328 806 387 donauit
826 327 918 388 anulis
940 345 1028 404 super
1050 345 1133 386 caen

277 433 372 489 mane,
387 412 557 489 rogantibus
568 429 622 489 pro
635 429 671 470 eo
686 413 807 487 conctis,
822 411 981 470 detestatus
994 419 1073 469 esset
1085 428 1137 468 seu

278 498 366 557 talem
381 495 526 573 equestris
542 494 651 552 ordinis
669 496 819 554 maculam.

239 597 270 651 13
339 578 397 637 Sed
414 577 460 636 uel
475 579 634 654 praecipue
651 577 781 636 luxuriae
797 579 992 655 saeuitiaeque
1016 576 1127 636 deditus

277 662 413 722 trifariam
429 677 554 737 semper,
569 661 709 720 interdum
725 660 926 738 quadrifariam
942 660 1130 738 dispertiebat

277 744 370 805 tacula
387 752 416 802 et
431 742 551 821 prandia
567 752 595 802 ct
611 762 717 803 caenas
730 745 1018 822 comissationesque,
1037 743 1124 802 facilc

278 828 427 888 sufficiens
454 826 610 887 uomitandi
644 827 863 888 consuetudine.
902 827 1051 886 indicebat
1076 835 1141 885 aute

278 912 325 972 alii
340 909 442 970 eadem
456 910 513 986 die,
529 929 585 969 nco
601 912 733 990 cuiquam
747 912 838 971 minus
854 911 959 987 singuli
971 919 1125 989 apparatus

277 996 361 1073 genis
376 993 490 1053 milibus
508 1012 648 1054 nummum
665 996 863 1055 constiterunt.
892 994 1096 1055 Famosissima
1112 1013 1125 1053 s
1142 1038 1143 1042 ,

277 1088 356 1139 teras
369 1078 422 1137 luit
440 1096 529 1138 caena
544 1078 609 1138 data
627 1081 654 1137 ei
670 1078 831 1138 aduenticia
848 1097 864 1138 a
879 1078 983 1154 tratre,
1005 1079 1033 1136 in
1050 1096 1104 1156 qua
1121 1077 1138 1136 d

278 1163 500 1223 lectissimorum
528 1163 665 1240 piscium,
697 1170 809 1241 septem
835 1164 928 1221 avium
953 1165 1087 1240 apposita
1114 1171 1139 1220 tr

277 1246 358 1307 Hanc
374 1262 490 1323 quoque
506 1248 676 1323 exuperauit
691 1247 755 1324 ipse
772 1245 953 1305 dedicatione
974 1247 1105 1323 patinae,
1135 1269 1140 1297 ι

278 1332 442 1389 immensam
457 1328 678 1406 magnitudinem
696 1329 826 1407 clipeum
845 1328 1005 1389 Minervae
1025 1328 1122 1389 πολιο

279 1412 407 1473 ctitabat.
429 1412 462 1471 ln
474 1412 529 1472 hac
546 1431 696 1474 scarorum
710 1414 850 1490 iocinera,
868 1413 1069 1491 phasianarum
1085 1421 1113 1471 et
1135 1438 1140 1467 t

279 1494 443 1571 cerebella,
465 1495 580 1572 linguas
602 1496 912 1575 phoenicopterorum,
930 1514 1109 1556 murenarum
1130 1497 1139 1555 l

278 1578 392 1638 Parthia
408 1594 500 1657 usque
516 1578 651 1658 fretoque
667 1580 825 1659 Hispanico
841 1599 895 1659 per
910 1579 1073 1639 nauarchos
1088 1599 1123 1638 ac

278 1662 441 1741 petitarum,
459 1664 648 1723 commiscuit.
678 1665 717 1726 Ut
733 1673 827 1724 autem
842 1664 928 1724 homo
943 1680 1001 1723 non
1013 1663 1136 1742 profund

279 1744 331 1804 sed
346 1746 567 1822 intempestiuae
583 1765 699 1827 quoqne
715 1767 750 1809 ac
765 1747 899 1807 sordidae
914 1747 1012 1824 gulae,
1030 1766 1066 1806 ne
1080 1749 1109 1805 in
1125 1767 1138 1806 s

279 1828 392 1906 quidem
406 1846 537 1907 umquam
550 1840 599 1890 aut
611 1832 714 1891 itinere
729 1831 789 1891 ullo
805 1832 986 1909 temperavit,
1001 1833 1068 1909 quin
1080 1832 1138 1889 inte
