2286 3944
132 218 194 282 258
381 229 619 278 c.sunnou1us
638 227 884 289 nauuouruuus

133 387 307 450 Archelaum
327 384 482 462 Pompeius
504 383 652 460 Lenaeus,
680 383 756 462 apud
776 382 976 442 Philocomum
999 383 1119 445 Valerius

135 471 208 532 Cato
224 468 401 548 praedicant.

195 553 394 613 instruxerunt
411 560 608 628 auxeruntque
623 550 659 609 ab
677 552 752 609 omni
768 558 852 628 parte
868 553 1084 627 grammaticam
1096 550 1118 613 l.

134 638 237 699 aelius
248 635 409 695 Lanuvinus
422 653 571 713 generque
584 633 661 692 Aelii
673 634 737 693 Ser.
752 632 888 710 Clodius,
903 643 1027 713 uterque
1044 651 1119 712 eques

105 720 345 798 strepuntque
364 719 482 779 aerarii
501 728 529 777 et
546 720 573 776 in
587 717 716 777 doctrina
735 726 763 776 et
783 718 811 776 in
828 735 860 776 re
879 736 909 796 p.
923 737 1005 778 usus.
1033 718 1133 779 Aelinsu

138 805 311 884 cognomine
328 802 435 881 duplici
451 801 516 868 iuit;
534 819 598 860 nam
615 809 643 859 et
654 800 859 877 Praeconinus,
878 802 959 879 quod
970 811 1056 881 pater
1072 803 1120 861 eius

138 889 324 970 praeconium
335 886 461 960 fecerat,
474 884 647 959 vocabatur,
661 893 689 943 et
700 884 790 963 Stilo,
803 885 880 962 quod
892 887 1043 946 orationes
1055 885 1119 945 nobi·

50 1045 53 1048 Δ
138 974 247 1034 lissimo
265 971 368 1047 cuique
387 968 515 1028 scribere
530 967 658 1037 solebat;
673 976 768 1027 tantus
783 969 962 1046 optimatium
977 970 1087 1046 fautor,
1098 975 1120 1026 ut

139 1055 286 1119 Metellum
303 1052 482 1111 Numidicum
503 1051 663 1111 inexilium
685 1053 836 1111 comitatus
851 1053 896 1110 sit.
913 1054 1050 1129 Servius,
1071 1069 1119 1112 cnm

138 1143 242 1204 librum
258 1137 355 1200 soceri
371 1135 494 1196 nondum
506 1135 611 1194 editum
626 1134 726 1198 frande
737 1135 960 1214 intercepisset,
980 1146 1010 1197 et
1025 1137 1062 1196 ob
1077 1136 1120 1196 boc

137 1225 304 1305 repudiatus
319 1221 431 1300 pudore
444 1239 479 1280 ao
492 1218 588 1279 taedio
602 1220 775 1278 secessisset
788 1218 823 1278 ab
835 1219 925 1297 urbe,
942 1222 971 1279 in
985 1221 1120 1298 podagrae

137 1309 267 1370 morbum
284 1305 400 1373 incidit;
423 1305 503 1363 cuius
518 1304 668 1381 impatiens
686 1320 799 1362 veneno
815 1302 871 1362 sibi
886 1306 1025 1382 perunxit
1044 1303 1121 1384 pedes

138 1401 167 1453 et
181 1391 295 1452 enecuit
309 1390 364 1464 ita,
380 1396 409 1445 ut
421 1395 504 1465 parte
519 1405 554 1446 ea
567 1388 702 1464 corporis
715 1385 796 1463 quasi
812 1396 999 1464 praemortua
1013 1389 1113 1448 viveret

198 1472 324 1534 Posthac
347 1471 439 1546 magis
455 1488 490 1530 ac
507 1471 600 1546 magis
622 1478 651 1529 et
666 1472 757 1547 gratia
780 1479 809 1529 et
830 1487 898 1530 cura
914 1473 986 1531 artis
1003 1470 1121 1544 increvit,

138 1568 168 1619 ut
182 1575 218 1616 ne
232 1554 382 1616 clarissimi
397 1553 512 1631 quidem
527 1555 581 1612 viri
594 1553 780 1612 abstinuerint
795 1555 957 1632 quominus
972 1565 1004 1614 et
1018 1556 1072 1635 ipsi
1080 1553 1131 1613 ali·

139 1639 263 1722 quidde
285 1657 320 1698 ea
342 1638 519 1715 scriberent,
544 1647 631 1715 utque
652 1637 830 1715 temporibus
853 1637 1026 1717 quibusdam
1048 1651 1121 1716 super

138 1725 239 1802 viginti
255 1722 389 1782 celebres
406 1722 525 1781 scholae
541 1722 631 1781 luisse
643 1721 671 1779 in
688 1721 757 1780 urbe
772 1721 934 1791 tradantur;
953 1724 1048 1802 pretia
1063 1735 1122 1781 vero

139 1808 390 1889 grammaticorum
410 1815 486 1865 tanta
508 1805 718 1882 mercedesque
738 1813 794 1864 tam
814 1823 950 1882 magnae,
972 1815 1004 1866 ut
1024 1809 1123 1866 constet

139 1893 277 1955 Lutatium
291 1889 488 1969 Daphnidem,
514 1907 598 1967 quem
614 1888 736 1948 Laenius
747 1888 883 1948 Melissus
899 1906 954 1967 per
977 1889 1123 1950 cavillatio

141 1996 206 2038 nem
218 1976 339 2036 nominis
351 1974 446 2034 Panos
460 1991 575 2050 agasma
588 1973 671 2048 dicit,
685 1970 772 2032 DCC.
784 1972 898 2032 milibus
912 1991 1055 2032 nummum
1066 1991 1081 2032 a
1094 1970 1122 2045 Q.

142 2059 245 2124 Catulo
262 2067 386 2140 emptum
402 2076 437 2118 ac
453 2056 536 2116 brevi
548 2057 764 2131 manumissum,
779 2056 810 2116 t.
823 2055 977 2135 Apuleium
993 2057 1030 2118 ab
1042 2055 1129 2129 Elicio¹

142 2144 264 2207 Calvino
282 2145 379 2220 equite
390 2143 519 2202 Romano
532 2140 691 2218 praedivite
708 2139 911 2218 quadringenis
924 2143 1026 2200 annuis
1045 2132 1130 2200 *oon-¹

142 2230 244 2290 ductos
259 2227 364 2286 multos
381 2225 527 2285 edoceret.
554 2223 626 2284 Nam
642 2225 670 2282 in
686 2225 851 2301 provincias
862 2241 978 2303 quoque
995 2239 1123 2302 gramma·

143 2317 199 2374 tica
217 2317 435 2390 penetraverat,
454 2327 489 2368 ac
505 2307 633 2368 nonnulli
645 2307 681 2366 de
697 2309 854 2367 notissimis
870 2308 1041 2368 doctoribus
1053 2324 1124 2386 pere

141 2414 195 2474 gre
218 2394 392 2468 docuerunt,
417 2394 540 2451 maxime
560 2393 587 2449 in
605 2390 696 2451 Gallia
718 2391 845 2468 Togata;
869 2393 944 2451 inter
960 2411 1036 2471 quos
1053 2392 1143 2458 Octa·

141 2480 204 2539 vius
217 2477 331 2536 Teucer
348 2485 377 2535 et
388 2474 565 2534 Pescennius
581 2474 683 2535 laceus
701 2484 729 2534 et
742 2474 853 2555 Oppius
869 2473 994 2546 clarem
1014 2477 1061 2537 hic
1076 2473 1130 2554 qui.

141 2562 206 2623 dem
223 2559 259 2620 ad
280 2559 406 2618 nltimam
426 2567 567 2633 aetatem,
591 2568 620 2618 et
643 2576 706 2618 oum
734 2561 789 2620 iam
808 2576 866 2619 non
891 2560 1027 2637 ingressu
1052 2557 1120 2619 mod

141 2646 315 2707 deficeretur
331 2643 383 2702 sed
399 2651 427 2702 ct
440 2643 514 2702 visu.

118 2746 134 2800 e
204 2727 373 2807 Appellatio
388 2726 639 2803 grammaticorum
654 2724 766 2788 Graeca
786 2726 989 2787 consuetudine
1006 2727 1126 2792 invaluit:

24 2813 28 2819 ’
143 2814 195 2876 sed
207 2813 286 2872 initio
296 2810 413 2870 litterati
422 2810 608 2872 vocabantur.
628 2809 781 2872 Cornelius
795 2828 910 2889 quoque
918 2809 1023 2889 Nepos
1037 2809 1126 2872 libello

143 2914 200 2979 quo
224 2896 372 2973 distinguit
389 2894 542 2955 litteratum
560 2894 596 2953 ab
614 2893 741 2972 erudito,
756 2895 898 2955 litteratos
919 2895 1035 2972 quidem
1050 2895 1127 2971 vulg

143 2980 286 3061 appellari
307 2980 346 3040 ait
365 2996 417 3038 eos
436 2980 484 3057 qui
500 2978 606 3057 aliquid
624 2977 778 3055 diligenter
796 2987 824 3038 et
849 2987 931 3038 acute
955 2980 1128 3057 scienterque

143 3067 257 3144 possint
269 3073 316 3124 aut
328 3063 427 3123 dicere
438 3071 485 3123 aut
498 3061 640 3134 scribere,
657 3071 784 3122 ceterum
801 3063 921 3140 proprie
933 3063 976 3122 sio
989 3063 1128 3143 appellan-

143 3148 197 3208 dos
214 3157 365 3225 poetarum
377 3149 568 3225 interpretes,
581 3147 628 3224 qui
640 3165 655 3206 a
669 3144 788 3208 Graecis
800 3147 979 3224 grammatici
990 3149 1128 3208 nominen-

141 3241 196 3290 tur.
210 3231 339 3291 Eosdem
353 3231 529 3290 litteratores
543 3232 687 3292 vocitatos
697 3230 822 3290 Messala
832 3228 974 3289 Gorvinus
982 3231 1010 3288 in
1019 3231 1121 3310 quada

144 3315 269 3391 epistola
284 3313 423 3389 ostendit,
440 3332 502 3374 non
514 3332 582 3374 ecee
593 3313 655 3375 stoi
669 3313 768 3374 dicens
780 3332 844 3373 rem
854 3333 921 3374 cum
936 3313 1033 3376 Furio
1046 3312 1113 3376 Bib

149 3395 222 3470 oto,
240 3414 279 3456 oe
293 3417 361 3459 oum
376 3395 486 3448 statua
500 3397 621 3475 quidem
637 3403 691 3456 cot
704 3397 877 3458 litteratore
892 3396 1033 3467 Cotoue,·
1051 3395 1119 3475 signi

151 3479 375 3536 icatonimlun
426 3511 441 3520 .·
512 3481 638 3524 'alo-inno
653 3478 789 3532 'lolnnpm
821 3482 1120 3559 pontomgimulgpam
