2286 3944
129 189 187 251 128
228 197 621 257 c.sonron1rsuuc.nn
633 198 717 246 vrru
730 198 917 247 chasanum
937 198 1009 247 nra.
1023 201 1087 248 1111.

84 363 115 415 al
189 355 286 433 Opera
308 353 361 412 snb
377 352 495 412 Tiberio
512 351 735 429 semiperfecta,
754 351 891 431 templum
906 351 1037 428 Augusti
1053 353 1124 413 thea-

126 449 257 516 trumque
274 437 408 514 Pompei,
431 435 565 495 absolvit.
608 434 758 494 lnchoavit
777 445 872 496 autem
897 453 993 512 aquae
1016 435 1124 495 ductum

126 523 247 598 regione
272 520 383 580 Tiburti
413 528 442 578 et
473 517 708 597 amphitheatrum
736 521 814 579 iuxta
846 520 972 596 Saepta,
1011 538 1124 597 quorum

126 623 246 683 operum
261 623 276 663 a
293 621 466 663 successore
491 605 552 661 eius
569 600 687 661 Claudio
711 602 830 662 alterum
850 611 1019 680 peractum,
1047 605 1123 662 omis·

127 706 188 748 sum
203 687 323 747 alterum
341 696 395 746 est.
436 687 587 761 Syracusis
608 685 748 764 conlapsa
763 694 906 746 vetustate
928 687 1045 746 moenia
1061 687 1138 746 deo-c

126 789 245 850 rumque
276 771 364 831 aedes
389 771 528 829 refectae.
574 768 777 828 Destinaverat
805 778 834 828 et
862 769 939 827 Sami
965 769 1123 844 Polycratis

127 857 238 932 regiam
265 857 436 930 restituere,
455 853 543 913 lllileti
562 851 729 926 Didymeum
751 870 912 930 peragere,
939 853 968 910 in
990 854 1060 929 iugo
1080 852 1121 911 hl·

128 941 205 1018 pinm
224 938 324 998 urbem
346 938 488 1012 condere,
517 935 654 996 sedante
684 938 777 995 omnia
806 933 943 994 lsthmnm
968 937 998 993 in
1019 935 1121 995 Achaia

129 1022 302 1102 perfodere,
327 1023 499 1098 miseratque
521 1021 575 1078 iam
599 1019 635 1078 ad
655 1019 854 1078 dimetiendum
875 1036 950 1096 opus
971 1020 1120 1097 primipila-

86 1115 199 1166 ttrem.
232 1104 376 1165 Hactenus
398 1105 478 1181 quasi
507 1102 543 1160 de
571 1103 716 1181 principe;
746 1103 856 1180 reliqua
885 1111 919 1163 ut
941 1101 978 1161 de
998 1112 1143 1161 monstror

129 1188 268 1250 narranda
284 1195 357 1246 sunt.

194 1269 394 1349 Compluribus
419 1269 636 1344 cognominibus
657 1268 813 1347 adsumptis
841 1270 922 1347 (nam
940 1277 968 1327 et
992 1270 1077 1346 pins
1098 1276 1122 1326 et

128 1365 333 1416 castrorum
354 1352 465 1410 filius
488 1361 517 1410 et
538 1361 645 1430 pater
668 1354 901 1412 exercituum
924 1361 954 1410 et
970 1353 1122 1430 optimus

125 1440 298 1498 maximus
321 1433 459 1495 Caesar
483 1434 657 1512 vocabatur)
688 1453 751 1494 cum
780 1435 891 1495 audiret
915 1435 995 1494 forte
1027 1453 1119 1512 reges,

126 1522 173 1599 qni
189 1519 277 1578 oflicii
294 1537 381 1578 causa
403 1519 430 1576 in
449 1518 549 1577 urbem
570 1519 759 1595 advenerant,
783 1519 978 1578 concertantis
997 1536 1014 1577 a
1038 1518 1074 1577 ud
1092 1534 1134 1576 ser

125 1621 213 1680 super
229 1620 347 1661 caenam
368 1602 404 1660 de
422 1601 569 1662 nobilitate
591 1604 726 1678 generis,
750 1602 940 1662 exclamarit:
969 1602 1033 1672 Ες
1054 1599 1120 1661 κοί-

125 1704 226 1766 ρανος
247 1684 346 1762 ἔστω,
372 1672 417 1755 εἷς
433 1676 608 1762 βασιλεύς.Ι
636 1703 691 1744 nec
711 1685 826 1744 multum
847 1685 917 1745 afuit
938 1686 1008 1764 quin
1033 1686 1120 1744 statim

125 1769 254 1829 diadema
276 1777 401 1828 sumeret
425 1771 611 1847 speciemque
637 1770 814 1847 principatus
839 1770 868 1827 in
897 1769 983 1845 regni
1005 1769 1120 1828 formam

127 1862 322 1913 converteret.
356 1855 463 1913 Verum
488 1852 662 1928 admonitus,
685 1861 714 1911 et
736 1853 895 1930 principum
916 1860 946 1911 et
967 1869 1072 1928 regum
1093 1869 1119 1910 se

126 1939 291 1998 excessisse
316 1936 477 2012 fastigium,
510 1936 632 1996 divinam
660 1953 757 1995 exeo
783 1937 960 1994 maiestatem
988 1952 1119 1994 asserere
1130 1963 1143 1985 ω

127 2021 181 2081 sibi
208 2022 321 2100 coepit;
355 2020 478 2098 datoque
508 2021 627 2096 negotio
656 2028 685 2078 ut
712 2019 863 2078 simulacra
889 2019 1034 2077 numinum
1060 2018 1120 2077 reli·

127 2107 214 2182 gione
237 2113 265 2163 et
288 2114 349 2164 arte
371 2104 538 2182 praeclara,
568 2105 642 2162 inter
663 2120 736 2182 quae
757 2101 871 2180 Olympi
889 2100 985 2178 lovis,
1018 2119 1119 2180 appor·

126 2197 253 2247 tarentur
270 2206 286 2246 e
303 2187 440 2263 Graecia,
470 2186 571 2265 quibus
593 2188 687 2265 capite
707 2186 823 2264 dempto
848 2204 928 2244 suum
948 2187 1120 2263 imponeret,

127 2280 237 2348 partem
252 2270 353 2331 Palatii
369 2270 404 2330 ad
424 2271 516 2329 iorum
535 2288 625 2347 usque
648 2270 807 2348 promovit,
829 2277 915 2348 atque
931 2267 1006 2328 aede
1024 2267 1118 2328 Casto·

125 2356 164 2412 ris
181 2363 210 2413 et
226 2353 353 2413 Pollucis
368 2356 396 2412 in
412 2352 582 2412 vestibulum
600 2355 816 2430 transfigurata,
845 2353 1010 2411 consistens
1035 2364 1141 2429 saepta

125 2437 198 2493 inter
217 2436 323 2495 fratres
343 2435 430 2511 deos,
460 2436 582 2494 medinm
606 2435 778 2496 adorandum
799 2454 832 2495 se
853 2433 1024 2495 adeuntibus
1047 2435 1118 2495 exhi·

124 2517 225 2585 bebat;
264 2527 293 2575 et
315 2518 428 2595 quidam
450 2537 513 2576 eum
538 2517 720 2579 Latiarem
747 2518 870 2579 lovem
898 2518 1118 2579 consalutarunt.

125 2600 274 2678 Templum
296 2602 378 2660 etiam
400 2603 505 2658 numini
528 2618 580 2659 suo
608 2605 756 2681 proprium
777 2611 806 2661 et
832 2602 1004 2662 sacerdotes
1026 2612 1056 2663 et
1075 2620 1118 2661 er·

126 2685 347 2760 cogitatissimas
371 2685 480 2743 hostias
498 2685 625 2743 instituit.
670 2686 702 2745 ln
724 2685 831 2764 templo
857 2685 1041 2745 simulacrum
1069 2694 1117 2745 sta·

124 2767 173 2827 bat
194 2786 309 2826 aureum
332 2767 489 2843 iconicum,
520 2768 763 2848 amiciebaturque
787 2769 891 2829 cotidie
914 2778 1016 2846 veste,
1049 2767 1140 2848 qualis

124 2852 187 2928 ipse
210 2859 347 2910 uteretur.
392 2849 558 2927 Magisteria
588 2853 741 2912 sacerdotii
763 2852 917 2911 ditissimus
941 2854 1067 2932 quisque
1094 2858 1118 2910 et

124 2933 277 2994 ambitione
300 2943 329 2993 et
349 2933 507 2994 licitatione
530 2937 651 2996 maxima
673 2934 783 2995 vicibus
810 2935 1041 3014 comparabant(
1066 2935 1117 2996 llo

124 3019 196 3076 stiae
214 3026 294 3077 erant
316 3018 556 3096 phoenicopteri,
589 3037 733 3098 pavones,
760 3028 920 3096 tetraones,
951 3020 1117 3092 numidicae,

123 3100 330 3177 meleagrides,
363 3101 534 3178 phasianae,
559 3122 632 3181 quae
650 3103 808 3180 generatim
831 3121 885 3181 per
905 3103 1041 3180 singulos
1062 3103 1117 3164 dies

122 3183 344 3243 immolarentur.
388 3184 426 3244 Et
454 3185 586 3246 noctibus
618 3186 730 3265 quidem
759 3187 872 3265 plenam
903 3187 1139 3266 fulgentemquea

122 3264 215 3324 lunam
236 3267 373 3328 invitabat
393 3269 506 3328 assidue
528 3271 548 3328 ir
580 3271 727 3331 amu'enus
752 3279 836 3348 atque
860 3269 1061 3348 concubitum,
1083 3272 1117 3329 in·

121 3348 213 3406 terdiu
228 3367 299 3409 vero
317 3370 379 3411 cum
397 3352 550 3431 Capitolina
592 3355 640 3415 o·-
682 3361 788 3412 recreto
811 3353 1008 3430 fabulabatur,
1037 3353 1117 3415 modo

121 3430 301 3493 insusurrans
318 3454 352 3490 ar
382 3455 499 3482 wem--
704 3453 791 3493 mem
842 3436 1118 3498 -rodoclariusnec
