2286 3944
400 244 448 291 ou
465 245 716 292 onnuuamors.
1001 235 1065 297 267

47 376 131 448 'uvas
146 385 282 446 edidisse.
320 385 379 444 Sed
396 386 518 444 maxime
536 384 676 462 flagrabat
690 384 857 446 libidinibus
872 386 901 444 in
917 385 1065 464 mulieres,

52 488 151 549 usque
176 469 212 530 ud
232 469 373 529 infamiam
390 471 465 538 oris;
489 469 565 527 dioto
585 486 699 546 quoque
715 487 774 528 nou
793 469 921 530 infaceto
939 479 1066 530 notatum

54 556 155 614 ierunt
176 552 336 628 cuiusdam,
359 554 407 629 qui
432 570 495 611 cum
516 554 544 610 in
560 551 642 611 turba
664 552 794 611 osculum
810 553 864 612 sihi
885 554 1066 630 ingerentem

56 655 220 716 quanquam
232 636 382 712 refugiens
398 635 527 695 devitare
539 653 597 694 nou
611 645 727 714 posset,
749 632 802 696 i‘ia
818 641 867 712 to,
882 637 982 716 inquit,
998 654 1063 697 mc·

26 733 45 779 a
53 721 170 801 qister,
188 719 327 799 quotieas
339 718 536 796 festinantem
552 719 683 798 aliquem
696 718 801 794 eides,
819 718 1011 799 abligurire?

122 804 161 865 Μ.
174 803 310 864 Valerius
325 803 451 879 Probus,
467 803 618 879 Berytius,
635 803 681 862 diu
696 805 883 863 centuriatum
897 806 995 882 petiit,
1013 803 1105 872 do-24

54 907 115 949 nec
132 887 228 948 taedio
244 888 280 946 ad
299 886 390 946 studia
407 905 440 946 se
462 887 590 947 contulit.
627 887 754 963 Legerat
768 889 797 945 iu
813 889 962 967 provincia
978 905 1063 966 quos·

55 972 124 1032 dam
138 981 256 1030 veteres
276 970 395 1030 libellos
415 970 490 1050 apud
510 972 746 1048 grammatistam,
768 970 888 1031 durante
910 970 1004 1031 adhuc
1024 971 1064 1030 ibi

55 1059 240 1135 antiquorum
261 1056 416 1130 memoria,
438 1054 560 1113 necdum
580 1056 695 1114 omnino
716 1053 825 1115 abolita
847 1056 922 1115 sicut
942 1055 1063 1116 Romae.

13 1139 121 1202 salios
144 1157 207 1199 cum
229 1138 394 1215 diligentius
415 1146 565 1216 repeteret
585 1148 671 1216 atque
694 1138 769 1198 aiios
790 1137 930 1218 deinceps
953 1155 1063 1216 coguo-

55 1242 145 1286 scere
163 1231 299 1301 cuperet,
316 1225 446 1300 quamvis
461 1239 561 1282 omues
578 1223 721 1282 contemni
736 1222 887 1301 magisque
903 1222 1063 1301 obprobrio

54 1306 224 1386 legentibus
237 1324 321 1384 quam
333 1305 446 1383 gloriae
460 1316 489 1367 et
499 1307 605 1366 fructui
620 1325 686 1366 esse
699 1305 958 1384 animadverteret,
972 1305 1062 1366 nihilo

54 1393 151 1452 minus
172 1393 201 1450 in
224 1393 375 1470 proposito
396 1392 513 1459 mansit;
539 1390 685 1468 multaque
709 1389 886 1469 exemplaria
915 1398 1063 1450 contracta

56 1474 215 1536 emendare
232 1491 268 1534 ac
286 1473 464 1550 distinguere
485 1483 514 1534 et
539 1483 678 1535 annotare
697 1475 823 1550 curavit,
848 1473 904 1533 soli
926 1473 992 1534 huic
1007 1490 1064 1533 nec

10 1559 111 1621 anulii
127 1567 281 1638 praeterea
297 1560 500 1636 grammatices
516 1560 589 1637 parti
606 1558 727 1618 deditus.
766 1558 820 1618 Hic
834 1567 960 1618 nontam
977 1557 1062 1617 disci-

56 1643 145 1724 pulos
161 1660 245 1722 quam
260 1651 422 1702 sectatores
446 1643 556 1720 aliquot
570 1641 676 1702 habuit.
705 1641 856 1720 Nunquam
872 1643 947 1702 enim
961 1643 1000 1702 ita
1012 1640 1061 1701 do·

56 1727 117 1789 cuit
138 1736 168 1786 ut
180 1727 311 1803 magistri
333 1744 486 1804 personam
504 1727 670 1794 sustineret;
693 1742 778 1786 unum
803 1735 833 1785 et
853 1726 989 1801 aiterum,
1013 1724 1062 1784 vel

55 1829 124 1874 cum
151 1809 288 1889 plurimos
310 1819 370 1869 tres
391 1819 438 1869 aut
460 1820 582 1888 quatuor
606 1810 838 1888 postmeridianis
859 1809 940 1869 horis
963 1807 1060 1868 annia

53 1893 270 1970 tetendebat,
288 1893 455 1971 cubausque
475 1897 550 1954 inter
573 1895 680 1970 longos
696 1911 732 1952 ac
752 1892 891 1969 vulgares
909 1909 1061 1952 sermones

10 1980 163 2057 ulegere
178 1977 333 2056 quaedam,
350 1977 436 2056 idque
461 1995 592 2056 perraro.
628 1976 719 2036 Nimis
742 1994 834 2055 pauca
857 1985 885 2035 et
901 1977 1007 2050 exigua
1024 1973 1061 2034 de

10 2090 15 2099 ·
51 2061 230 2146 quibusdam
246 2062 360 2122 minutis
375 2062 601 2140 quaestiunculis
617 2060 714 2120 edidit.
747 2059 876 2136 Reliquit
887 2067 986 2119 autem
1002 2074 1059 2117 nou

14 2178 17 2183 ·
45 2145 235 2211 mediocrem
250 2141 1058 2220 silvamobservationumsermonisantiqui.
