2256 3930
118 230 137 290 6
198 240 227 287 c.
247 238 399 287 suuuour
421 237 550 298 uacuo
566 239 614 285 nu
629 239 712 287 mun
728 239 916 289 caussatus
931 242 1006 291 ura.
1028 244 1054 291 1.

118 415 192 475 quos
208 395 347 474 placitum
362 402 455 469 esset,
479 393 646 454 dictaturam
670 393 794 455 Crassus
815 394 987 475 invaderet,
1011 398 1079 477 ipse
1093 397 1126 457 ab

118 498 154 540 eo
172 480 311 557 magister
328 481 453 558 equitum
470 477 630 554 diceretur,
648 481 860 558 constitutaque
873 479 910 541 ad
927 480 1082 541 arbitrium
1095 501 1126 542 re

117 564 252 644 publicu,
275 563 372 623 Sullae
390 571 419 621 et
436 561 579 621 Autronio
598 563 766 623 consulatus
784 565 999 625 restitueretur.
1028 564 1124 627 blemi·

116 657 219 709 nerunt
235 648 317 707 buius
332 647 540 707 coniurationis
554 646 695 707 Tanusius
706 647 842 708 Geminus
853 650 882 708 in
893 648 1036 727 historia,
1052 650 1124 711 blar-

80 780 100 815 s
117 752 168 794 cus
184 731 304 793 Bibulus
319 734 348 791 in
362 731 482 808 edictis,
500 730 533 791 C.
547 730 634 791 Curio
648 741 730 810 pater
748 734 776 791 iu
793 732 984 794 orationibus.
1015 734 1063 794 De
1075 734 1127 794 bac

117 819 284 895 significare
305 817 417 876 videtur
439 824 468 874 et
485 814 606 892 Cicero,
633 819 662 875 in
684 816 806 895 quadam
823 816 860 877 ad
874 816 981 878 Axium
1001 819 1126 898 epistula

79 903 266 987 arciorem,
281 901 437 963 Caesarem
453 902 481 958 in
494 901 644 961 consulatu
658 902 846 962 confirmasse
861 920 1003 981 reguum,
1015 902 1053 963 de
1069 920 1126 982 quo

85 987 218 1048 'aedilis
241 988 393 1064 cogitarat.
424 984 565 1044 Tanusius
590 985 694 1061 adicit,
717 985 854 1047 Crassum
874 989 1056 1066 paenitentia
1080 985 1126 1046 vel

79 1064 192 1131 *metu
209 1070 285 1130 diem
303 1070 384 1130 caedi
399 1070 569 1129 destinatum
584 1087 642 1129 nou
659 1069 776 1148 obisse,
795 1070 949 1131 etidcirco
966 1090 1006 1131 ue
1018 1071 1126 1133 Caesa·

116 1175 177 1216 rem
194 1156 308 1233 quidem
329 1157 457 1231 signum,
477 1153 555 1232 quod
573 1153 609 1213 ab
630 1171 666 1213 eo
688 1153 749 1214 dari
771 1164 964 1234 convenerat,
989 1154 1123 1225 dedisse;

117 1240 292 1300 convenisse
315 1248 408 1299 autem
431 1238 518 1299 Curio
546 1239 601 1315 ait,
628 1247 657 1297 ut
678 1248 777 1316 togam
798 1237 834 1298 de
859 1257 957 1299 rurrero
983 1239 1124 1301 deiceret.

116 1325 196 1385 ldem
215 1323 302 1384 Curio
319 1323 371 1383 sed
390 1333 419 1382 et
439 1323 477 1383 Μ.
495 1322 632 1382 Actorius
646 1322 727 1384 Naso
743 1332 880 1384 auctores
901 1333 986 1403 suut,
1009 1325 1126 1404 conspi-

117 1427 198 1469 rasse
215 1427 280 1467 eum
298 1410 382 1467 etiam
400 1426 462 1466 cum
479 1407 579 1468 Gnaeo
591 1408 697 1468 Pisone
719 1407 924 1486 adulescente,
947 1411 995 1469 cui
1019 1409 1060 1470 ob
1083 1428 1126 1469 su·

118 1493 280 1572 spiciouem
307 1491 434 1551 urbanae
467 1493 672 1552 coniurationis
697 1493 848 1572 provincia
873 1492 1015 1572 Hispania
1049 1493 1125 1553 ultro

118 1586 200 1636 cutm
215 1577 345 1636 ordinem
367 1575 432 1636 data
450 1577 498 1644 sit;
519 1585 710 1656 pactumque,
736 1585 767 1636 ut
784 1576 867 1636 simul
882 1577 955 1637 ioris
973 1577 1044 1656 ille,
1063 1578 1126 1657 ipse

116 1663 228 1722 Romae
240 1661 336 1722 adres
348 1678 440 1720 novas
454 1670 680 1737 consurgerent,
693 1678 747 1740 per
758 1660 923 1721 Ambranos
935 1670 966 1721 et
978 1660 1126 1741 Transpa-

120 1747 227 1813 danos;
245 1747 409 1806 destitutum
424 1745 573 1822 utriusque
590 1747 740 1805 consilium
755 1755 848 1806 morte
864 1745 990 1806 Pisonis.

79 1838 108 1889 lo
181 1829 294 1889 Aedilis
317 1838 434 1908 praeter
463 1830 607 1888 comitium
635 1848 670 1889 uc
694 1830 789 1889 forum
817 1829 1016 1909 basilicasque
1041 1831 1126 1890 etiam

117 1912 293 1992 caprotinis
309 1914 421 1974 ornavit
438 1914 598 1992 porticibus
613 1914 648 1973 ad
664 1922 778 1992 tempus
796 1915 954 1990 extructis,
972 1915 1002 1973 iu
1018 1914 1127 1993 quibus

116 1999 278 2060 abundante
300 2017 396 2058 rerum
415 1998 500 2077 copia
521 2015 589 2075 pars
610 2007 766 2076 apparatus
789 2006 997 2076 exponeretur.
1028 2000 1126 2060 Vena·

115 2086 210 2144 tiones
237 2093 331 2144 autem
352 2083 495 2162 ludosque
520 2091 633 2142 etcum
657 2082 774 2159 collega
797 2090 826 2142 et
846 2083 1003 2161 separatim
1026 2082 1127 2157 edidit,

117 2184 174 2246 quo
197 2169 385 2245 factumest,
416 2177 446 2227 ut
470 2169 659 2226 communium
688 2184 804 2245 quoque
831 2167 1017 2245 inpensarum
1046 2167 1123 2226 solu

116 2253 239 2329 gratiam
256 2262 390 2331 caperet,
413 2271 468 2312 uec
486 2251 680 2310 dissimularet
696 2251 813 2328 collega
827 2251 889 2310 eius
905 2251 1024 2311 blarcus
1040 2250 1126 2310 Bibu-

115 2335 177 2411 lus,
202 2338 340 2397 evenisse
359 2336 422 2405 stoc·
440 2335 523 2414 qood
533 2334 670 2396 Polluci:
688 2342 721 2394 at
736 2335 814 2395 enim
824 2335 952 2414 geminis
965 2333 1120 2413 fratribus

117 2419 211 2479 cedes
233 2421 266 2478 in
284 2419 357 2496 soro
374 2419 540 2480 constituto
563 2425 680 2479 taniam
698 2417 842 2480 Castoris
870 2426 1056 2495 vocaretur,
1082 2419 1127 2479 itu

116 2521 205 2562 situm
220 2502 431 2580 Caesarisque
444 2503 682 2580 munificentiam
696 2504 788 2563 onius
806 2501 957 2563 Caesaris
972 2502 1047 2564 dici.
1070 2502 1127 2562 Ad-

117 2587 185 2646 iecit
200 2588 321 2664 insuper
334 2585 443 2645 Caesar
462 2589 547 2645 etlam
559 2587 761 2663 gladiatorium
777 2606 895 2664 munus,
911 2586 964 2646 sed
977 2587 1122 2666 aliquant

117 2671 304 2750 paucioribus
330 2688 412 2748 quam
432 2670 627 2730 destinaverat
649 2671 780 2755 paribus;
806 2689 870 2730 nam
894 2690 956 2730 cum
973 2671 1118 2749 multiplic

116 2756 242 2834 undique
272 2756 381 2815 familia
415 2764 582 2833 comparata
610 2756 741 2815 inimicos
770 2756 978 2832 exterruisset,
1014 2764 1122 2815 cautu·

117 2851 161 2900 est
184 2842 220 2900 de
243 2857 361 2899 numero
374 2839 583 2916 gladiatorum,
599 2857 656 2918 quo
668 2858 704 2898 ne
717 2841 856 2899 maiorem
869 2840 1003 2918 cuiquam
1014 2838 1127 2899 habere

114 2925 225 2986 Romae
240 2926 351 2984 liceret.

79 3029 104 3085 ι]
183 3010 346 3070 Conciliato
366 3009 468 3088 populi
491 3008 593 3068 favore
615 3009 766 3087 temptavit
788 3026 841 3086 per
863 3016 975 3086 partem
997 3007 1116 3066 tribuno

118 3115 196 3172 rum,
215 3104 245 3153 ut
260 3095 315 3154 sibi
328 3093 482 3174 Aegyptus
500 3094 650 3172 provincia
668 3093 747 3171 plebi
764 3092 838 3151 scito
855 3091 987 3166 daretur,
1005 3101 1128 3152 nauctu

117 3179 337 3239 extraordinarii
360 3179 474 3258 imperii
490 3180 692 3252 occasionem,
717 3175 794 3255 quod
812 3175 1004 3236 Alexandrini
1023 3194 1099 3253 rege

116 3283 197 3322 suum
213 3265 323 3322 socium
339 3273 426 3342 atque
445 3263 564 3322 amicum
583 3281 598 3321 a
615 3270 716 3320 senatu
738 3260 916 3340 appellatum
939 3259 1127 3338 expulerant,

116 3366 225 3425 resque
242 3348 332 3423 vulgo
349 3347 567 3426 inprobabatur.
598 3346 662 3405 Nec
678 3346 800 3405 obtinuit
815 3345 989 3405 adversante
1005 3347 1116 3423 optima

115 3434 184 3492 tium
207 3432 350 3506 factione,
375 3450 495 3508 quorum
514 3432 714 3490 auctoritatem
732 3439 762 3489 ut
785 3430 888 3507 quibus
910 3437 1014 3508 posset
1033 3430 1125 3489 modi

114 3516 258 3575 invicem
281 3515 473 3591 deminueret,
502 3524 623 3594 tropaea
647 3515 697 3574 Gai
716 3515 787 3574 llari
815 3513 850 3574 de
871 3512 1009 3590 Iugurtha
1032 3512 1124 3593 dequ
