2286 3944
341 217 447 266 mvus
470 218 661 268 audoenus.
959 209 1001 273 83

10 397 86 454 aro,
113 374 257 437 libertate
276 377 368 451 atque
384 370 522 450 fortunio
537 390 597 449 per
616 371 702 433 illum
712 373 788 451 frui.
822 376 885 451 Qua
899 393 933 435 re
951 375 999 436 ad·

10 463 106 526 rodum
121 457 306 533 exhilaratus,
324 455 527 534 quadragenos
541 473 645 516 aureos
662 457 812 518 comitibus
829 459 925 519 divisit
942 461 999 519 ius·

11 566 49 608 ue
70 541 217 605 iurandum
231 547 262 598 et
274 540 436 600 cautionem
452 541 552 616 exegit
567 557 583 599 a
598 541 734 618 singulis,
756 560 814 601 non
831 542 889 603 alio
905 542 1000 603 datam

10 645 131 693 ommam
156 641 241 705 quam
267 624 295 682 in
318 624 493 702 emptionem
512 621 772 686 Alexandrinarum
792 629 930 686 mercium
951 627 999 686 ab·

10 723 169 794 empturos
203 706 263 768 Sed
284 715 314 766 et
335 716 454 768 ceteros
477 709 627 767 continuos
643 708 704 768 dies
720 711 795 769 inter
809 713 889 771 varia
901 724 999 770 munu-

10 799 76 862 oula
99 805 187 874 togas
206 793 325 870 insuper
348 809 382 851 ac
406 791 503 870 pallea
524 790 681 870 distribuit,
708 792 777 871 lege
786 795 950 872 proposita
971 802 1001 854 ut

10 882 117 946 tomani
137 877 268 952 Graeco,
290 874 396 937 Graeci
409 877 541 936 Romano
563 875 661 935 habitu
684 885 713 936 ct
735 894 870 937 sermone
885 887 999 937 uteren-

10 987 49 1030 m.
86 962 238 1044 spectavit
256 960 370 1019 assidue
392 968 565 1019 exercentes
586 959 733 1039 ephebos,
763 978 883 1040 quornm
905 960 1000 1040 aliqua

10 1051 87 1112 dbno
99 1047 187 1125 copia
198 1063 235 1104 ex
246 1053 348 1104 vetere
360 1045 488 1103 instituto
501 1041 624 1123 Capreis
635 1053 712 1112 erat;
728 1045 820 1105 isdem
832 1045 918 1105 etiam
930 1062 999 1124 epu·

10 1154 51 1196 um
69 1135 99 1192 in
120 1137 281 1208 conspectu
304 1144 355 1188 suo
380 1127 529 1206 praebuit,
548 1130 702 1206 permissa,
726 1130 811 1189 immo
833 1137 938 1189 exacta
957 1129 999 1188 io·

10 1217 80 1280 andi
91 1215 209 1276 licentia
221 1211 432 1290 diripiendique
444 1229 594 1290 pomorum
607 1220 636 1272 et
647 1212 833 1273 obsoniomm
843 1229 999 1291 rerumque

18 1301 148 1362 missilia.
178 1295 265 1356 Nullo
282 1297 405 1374 denique
421 1313 532 1373 genere
547 1295 700 1356 hilaritatis
716 1297 861 1358 abstinuit.

54 1386 187 1451 Vicinam
201 1379 324 1458 Capreis
341 1380 463 1439 insulam
478 1379 693 1459 Apragopolim
709 1381 895 1461 appellabat,
916 1379 998 1442 ade·

10 1470 65 1530 idia
81 1465 276 1528 secedentium
290 1463 359 1523 illuc
375 1482 392 1522 e
407 1465 541 1523 comitatu
558 1481 621 1523 suo.
651 1465 710 1524 Sed
727 1484 764 1525 ex
776 1466 891 1526 dilectis
902 1483 998 1541 unum,

10 1551 154 1631 laegaban
168 1550 299 1626 nomine,
317 1549 399 1626 quasi
415 1548 595 1608 conditorem
610 1549 720 1610 insulae
737 1538 875 1629 κοιστὴν
889 1566 998 1610 vocare

10 1643 158 1700 onsuerat.
195 1633 284 1692 Huius
305 1632 463 1708 Masgabae
489 1641 554 1691 ante
579 1651 681 1692 annum
710 1633 837 1693 defuncti
863 1632 998 1693 tumulum

10 1739 57 1781 um
82 1738 98 1779 e
119 1716 244 1778 triclinio
266 1715 515 1776 animadvertisset
530 1734 635 1793 magna
652 1717 734 1777 turba
748 1717 902 1796 multisque
917 1717 997 1776 lumi·

10 1804 77 1865 ibus
98 1801 284 1881 frequentari,
298 1818 413 1859 versum
428 1800 618 1878 compositum
634 1819 671 1860 ex
689 1809 819 1880 tempore
836 1801 915 1862 clare
930 1817 997 1879 pro·

10 1888 149 1948 nuntiavit:
226 1908 230 1918 ·

173 1968 301 2027 Κτιστοῦ
318 1964 349 2026 δὲ
361 1961 476 2045 τύμβον
490 1967 595 2044 εἰσορῶ
609 1962 814 2044 πυρούμενον·

10 2070 212 2132 onrersusqoo
235 2051 271 2111 ad
293 2050 464 2126 Thrasylum
488 2051 585 2112 Tiberi
614 2052 763 2128 comitem,
791 2060 892 2112 contra
912 2069 997 2111 accu-

11 2147 109 2200 antem
123 2145 152 2198 et
166 2139 296 2214 ignarum
309 2135 369 2212 rei,
390 2136 582 2212 interrogavit
598 2137 743 2195 cuiusnam
759 2144 865 2213 poetae
883 2141 999 2214 putaret

10 2239 76 2292 νιος
93 2238 149 2301 quo
165 2220 340 2294 haesitante,
357 2218 480 2280 subiecit
494 2219 595 2279 alium:

196 2295 285 2386 Ὁρᾷς
300 2296 405 2378 φᾶεσσι
423 2297 596 2380 Μασγάβαν
612 2296 791 2379 τιμώμενονς

10 2409 30 2452 o
52 2389 90 2450 de
109 2387 167 2448 boc
187 2405 304 2467 quoque
325 2385 477 2446 consuluit.
506 2386 576 2448 Cum
593 2387 643 2446 ille
660 2386 728 2447 nibil
744 2385 822 2448 aliud
835 2384 995 2464 responde·

10 2483 40 2536 et
59 2491 154 2554 qnanq
171 2472 373 2548 cuiuscumque
389 2480 488 2531 essent
504 2473 629 2549 optimos
643 2489 726 2548 esse,
750 2470 919 2532 cachinnum
934 2489 995 2530 sus·

10 2558 55 2619 alit
82 2565 167 2635 atque
193 2555 222 2614 in
248 2556 332 2614 iocos
364 2553 472 2614 ellusus
500 2563 554 2614 ost.
591 2555 660 2616 llox
687 2554 842 2634 Neapolim
870 2555 995 2631 traiecit,

10 2658 154 2719 ‘nonquam
168 2640 254 2699 etiam
273 2647 331 2698 tum
342 2639 459 2698 infirmis
472 2639 613 2699 intestinis
626 2639 727 2699 morbo
740 2640 885 2707 variante;
901 2647 996 2698 tamen

10 2735 22 2785 t
48 2722 261 2804 quinquennale
284 2732 431 2782 certamen
452 2725 615 2799 gymnicum
636 2723 742 2783 honori
767 2741 819 2782 suo
840 2723 996 2781 institutum

10 2808 195 2886 >inspectavit
215 2815 245 2866 et
264 2823 328 2866 cum
342 2805 459 2866 'liberio
483 2807 518 2867 ad
535 2806 706 2867 destinatum
726 2809 822 2867 locum
839 2803 995 2865 contendit.

10 2892 52 2952 ed
72 2893 102 2952 in
122 2889 270 2950 redeundo
289 2888 446 2967 adgravata
463 2890 637 2967 valitudine,
657 2890 772 2952 tandem
785 2890 878 2950 Nolae
894 2906 995 2948 succu-

11 2977 53 3036 uit
71 2983 296 3053 reuocatumque
315 2991 353 3034 err
371 2975 475 3034 itinere
489 2974 634 3034 Tiberium
655 2975 702 3035 diu
723 2983 839 3035 secreto
862 2987 996 3032 sermone

11 3060 123 3135 educit,
138 3075 234 3136 nequa
250 3065 317 3136 post
331 3058 382 3118 ulli
397 3060 498 3119 maiori
513 3060 632 3135 negotio
649 3060 770 3119 animum
785 3054 995 3118 accomodavit.

56 3144 199 3221 Supremo
217 3140 264 3201 dic
279 3140 434 3203 identidem
452 3144 624 3220 exquirens,
640 3161 676 3202 an
691 3144 745 3202 iam
762 3141 798 3201 de
814 3158 846 3200 se
861 3137 1038 3213 tumultusqq

10 3228 65 3287 oris
89 3234 185 3301 esset,
207 3226 296 3303 petito
320 3227 460 3304 speculo,
483 3225 617 3304 capillum
638 3227 691 3285 sibi
708 3226 782 3284 comi
799 3243 834 3284 ac
850 3223 940 3282 malas
956 3223 995 3282 la·

11 3321 95 3371 antes
114 3310 223 3386 corrigi
250 3312 416 3389 praecepit,
444 3319 472 3369 et
496 3309 636 3369 admissos
661 3311 769 3368 amicos
798 3316 994 3386 percontatus,

10 3393 102 3474 cquid
124 3393 166 3454 iis
190 3392 347 3454 videretur
368 3394 490 3454 mimium
510 3392 593 3452 vitae
615 3392 771 3454 commoda
792 3391 993 3471 transegisse,

10 3477 96 3538 dieoit
112 3487 141 3537 et
156 3476 328 3538 clausulam:

748 3561 789 3623 6*
