2286 3944
101 184 143 248 96
185 195 215 242 c.
228 193 377 243 sannam
394 192 521 252 numo.
535 193 584 240 nn
596 193 680 242 vura
692 192 876 241 amoenans
891 191 960 238 nnn.
974 189 1026 237 111.

103 369 251 430 numquam
273 348 456 408 remissiores
478 347 689 428 hilarioresque
711 367 862 410 sermones
881 345 1108 427 superveniente

104 453 141 496 eo
158 435 358 512 abrumperet;
377 432 429 491 sed
444 443 641 512 expugnatum
658 433 795 512 precihus
810 433 910 492 uxoris
923 431 1108 510 adoptionem
1134 468 1142 533 ,

105 538 163 581 non
178 519 325 593 abnuisse,
340 516 485 576 ueletiam
501 517 657 577 ambitione
673 527 806 595 tractum,
823 526 853 576 ut
867 517 918 576 tali
933 530 1108 575 successore

105 602 328 664 desiderabilior
351 602 416 680 ipse
438 602 612 680 quandoque
629 603 721 662 ficret.
755 601 868 662 Adduci
884 610 983 660 tamen
999 614 1108 678 nequeo

106 690 173 767 quin
188 690 365 763 existimem,
383 685 706 765 circumspectissimum
720 696 749 746 et
764 685 1021 766 prudentissimum
1037 685 1126 763 prin-t

106 775 217 852 cipem,
231 773 260 830 in
274 779 354 831 tanto
369 772 540 848 praesertim
555 773 691 848 negotio,
708 771 777 830 nihil
792 779 902 830 temere
916 769 1045 838 iecisse;
1063 764 1110 828 sed

104 858 183 916 vitiis
199 856 308 916 'liberii
331 854 542 933 virtutibusque
564 857 718 935 perpensis
741 857 873 934 potiores
888 853 1011 915 duxisse
1027 853 1109 912 virtu·

104 950 168 1019 tes,
190 941 362 1019 praesertim
384 957 448 998 cum
469 949 498 998 et
519 943 562 999 rei
585 958 614 1018 p.
637 958 724 1000 causa
751 939 892 1018 adoptare
917 956 949 998 se
973 954 1109 1017 cumpro

107 1029 244 1087 contione
269 1024 420 1099 iuraverit,
449 1032 478 1082 et
506 1025 640 1101 epistolis
660 1025 770 1102 aliquot
792 1032 823 1082 ut
843 1024 1053 1102 peritissimum
1071 1021 1110 1081 rei
1140 1091 1143 1110 ,

105 1110 235 1171 militaris
260 1117 348 1186 utque
373 1108 486 1164 unicum
508 1107 540 1167 P.
561 1110 597 1169 R.
624 1109 799 1187 praesidium
825 1116 1033 1186 prosequatur.
1067 1104 1134 1167 Era

107 1195 210 1274 quibus
226 1195 254 1252 in
270 1189 433 1268 exemplum
448 1208 541 1268 pauca
556 1192 623 1253 hinc
638 1193 703 1252 inde
719 1192 840 1252 subieci.

170 1277 260 1352 Vale,
278 1273 498 1336 iucundissime
515 1274 634 1352 Tiberi,
657 1284 686 1340 et
697 1276 832 1355 feliciter
846 1295 911 1336 rem
925 1294 1019 1355 pere,
1043 1267 1111 1356 ἐμοὶ

105 1356 161 1424 nal
186 1369 256 1431 ταῖς
275 1358 364 1438 *μου
388 1377 441 1418 ινα
460 1377 567 1420 carcre
589 1358 793 1441 στρατηγῶν.
831 1358 1064 1422 iucundissime
1088 1366 1113 1420 et

103 1446 150 1506 ita
164 1446 221 1505 sim
233 1443 330 1522 felia,
347 1443 397 1501 oir
407 1441 578 1519 fortissime
592 1453 621 1506 et
634 1446 700 1506 dum
714 1436 937 1525 uoptuoiraae,
952 1446 1036 1506 vale.

168 1525 314 1590 Ordinem
330 1527 518 1588 aestivorum
533 1532 672 1590 tuorum!
694 1528 762 1609 Epo
779 1547 871 1606 vero,
886 1530 929 1590 mi
947 1528 1070 1606 Tiberi,
1087 1534 1135 1588 eln

102 1612 182 1673 inter
211 1619 254 1673 tot
279 1630 384 1671 rernm
411 1610 612 1688 difficultates
638 1607 693 1675 nai
720 1605 887 1693 τοσαύτην
914 1602 1113 1693 ἄποθνμίαν

103 1693 170 1756 τῶν
191 1691 470 1776 στρατευομένων
490 1716 552 1758 non
567 1699 708 1777 potuisse
728 1715 910 1777 quemquam
926 1698 1113 1776 prudentius

103 1799 211 1860 perere
224 1799 258 1841 se
272 1798 364 1860 quam
378 1787 411 1839 tu
424 1784 579 1860 passeris,
596 1783 746 1844 existimo.
775 1781 806 1841 Ii
820 1800 939 1862 quoque
950 1784 1006 1861 qai
1018 1789 1113 1843 tecum

101 1863 228 1943 fuerunt
244 1883 348 1927 omnes
362 1866 559 1944 confitentur,
576 1886 698 1928 casum
713 1867 843 1927 illumin
858 1873 886 1926 te
898 1884 997 1944 posse
1013 1866 1095 1927 dici:
1128 1931 1132 1942 ¹

291 1955 368 2011 Unus
386 1955 465 2009 homo
484 1957 561 2013 nobis
581 1957 719 2032 uipilando
737 1957 854 2011 restituit
869 1971 938 2010 rem.
1133 1974 1134 1977 ¹

167 2033 241 2095 Siue
266 2035 341 2115 quid
363 2033 474 2096 incidit
498 2035 619 2118 dequo
645 2037 686 2096 sit
705 2034 902 2114 copitandnm
922 2034 1112 2114 diliqentias,

104 2119 170 2179 siae
183 2120 258 2198 quid
275 2120 454 2181 stomachor
468 2121 570 2198 ualde,
585 2121 703 2182 medius
717 2119 827 2180 Fidias
845 2117 1002 2179 Tiberium
1016 2137 1114 2181 meum

105 2203 264 2280 desidero,
279 2204 494 2284 succurritque
506 2224 617 2266 oerum
633 2207 684 2267 ille
698 2203 882 2265 Homericus

232 2283 347 2348 Τούτου
359 2280 384 2368 μ’
402 2287 590 2364 ἑσπομένοιο,
608 2289 659 2349 καὶ
677 2287 709 2348 ἐκ
725 2279 818 2368 πυρὸς
833 2285 1008 2366 αἰθομένοιο

223 2365 332 2447 ’Ἁμφαι
346 2365 556 2450 νοστήσαιμεν,
573 2371 636 2434 ἐπεὶ
650 2372 782 2452 περίοιδε
796 2373 911 2448 νοῆσαι.

168 2453 364 2516 Attenuatum
385 2463 414 2515 te
432 2474 501 2516 esse
517 2458 747 2520 continuatione
761 2456 904 2518 laborum
921 2474 992 2516 cum
1015 2455 1112 2518 audio

103 2544 133 2598 ct
153 2537 236 2616 lopo,
253 2537 287 2597 di
299 2557 346 2597 me
356 2539 494 2616 pariant
506 2543 569 2601 nisi
582 2541 774 2603 cohorrescit
790 2558 906 2620 corpus
919 2558 1044 2612 meum,·
1070 2548 1111 2602 te·

103 2640 161 2702 que
180 2640 236 2683 oro
258 2629 293 2682 ut
308 2640 430 2700 parcas
452 2623 523 2700 tibi,
549 2643 587 2686 ne
599 2626 628 2685 si
643 2633 671 2686 te
687 2626 835 2705 lanquere
853 2624 1064 2702 audierimus,
1086 2632 1113 2686 et

103 2724 159 2786 epo
175 2713 205 2767 et
214 2713 313 2767 mater
328 2713 382 2766 tua
397 2707 573 2784 expiremus
589 2718 618 2770 et
632 2711 671 2770 de
686 2727 806 2769 mmma
820 2709 932 2788 imperi
944 2711 996 2769 sni
1008 2728 1110 2791 popu-

103 2790 152 2851 las
165 2792 202 2852 li.
217 2789 419 2869 periclitetur.
1118 2805 1136 2848 ιι

163 2875 251 2936 Ntttt
263 2875 389 2935 interest
404 2875 529 2937 caleam
544 2878 613 2956 ipse
626 2896 735 2954 necne,
754 2877 783 2936 si
797 2883 828 2937 tu
843 2896 906 2938 non
915 2875 1052 2938 valebis.

162 2960 247 3021 Deos
261 2957 407 3037 obsecro,
430 2967 465 3021 ut
478 2967 507 3022 te
520 2961 610 3023 nodis
625 2967 808 3024 conseruent
821 2967 850 3021 et
863 2961 971 3022 calere
985 2981 1072 3023 nunc
1084 2969 1111 3022 et

102 3061 223 3122 semper
233 3044 412 3122 patiantur,
431 3046 462 3105 si
473 3065 535 3108 non
549 3045 583 3106 P.
601 3045 639 3106 lt.
655 3045 764 3124 perosi
776 3051 855 3105 sant.

59 3113 94 3166 Ὦ
165 3128 327 3188 Excessum
342 3127 467 3207 Augusti
482 3149 541 3192 non
560 3132 638 3210 prius
654 3130 748 3209 palam
764 3129 849 3206 iecit,
874 3147 958 3208 quam
973 3128 1110 3210 Agrippa

102 3213 205 3270 iuvene
226 3212 411 3292 interempto.
443 3215 525 3275 Hunc
546 3215 674 3275 tribunus
698 3214 815 3273 militurn
838 3223 936 3274 custos
954 3217 1134 3292 appositusu

102 3295 223 3372 occidit,
240 3296 325 3357 lectis
344 3299 497 3362 codicillis.
515 3300 618 3380 quibus
634 3307 663 3357 ut
677 3298 705 3357 id
719 3297 832 3356 laceret
847 3298 1014 3368 iubebatur;
1032 3318 1108 3379 quos

103 3380 257 3440 codicillos
274 3382 388 3442 dubium
408 3385 420 3406 ⁰
513 3388 683 3462 ι’τιςιιειαιιιο
697 3382 823 3440 moriens
838 3383 1025 3461 reliquisset,
1049 3403 1106 3462 quo

102 3466 245 3526 malppiupo
275 3474 321 3510 lun
340 3468 397 3510 rltrr.
440 3505 441 3510 ,
583 3467 741 3510 ratim-wrm
787 3483 815 3510 ar
853 3469 959 3527 immine
981 3467 1105 3546 Augusti
