2286 3944
439 219 543 267 DIVUS
563 220 690 269 IULIUS.
1023 216 1063 277 35

62 371 179 434 Vestali
203 373 353 433 maximae.
397 373 518 448 Quintus
541 372 657 434 Tubero
680 375 779 456 tradit,
803 377 944 438 heredem
966 380 1001 440 ab
1025 400 1062 442 eo

62 455 155 517 scribi
177 455 292 516 solitum
310 473 349 516 os
369 456 520 517 consulatu
545 459 637 536 ipsius
660 461 752 537 primo
780 479 871 540 usque
896 461 932 522 ad
954 464 1063 526 initium

64 538 161 600 civilis
179 537 250 600 belli
271 537 331 600 GN.
353 539 535 619 Pompeium,
571 541 656 620 idque
683 544 820 605 militibus
848 564 901 624 pro
925 549 1061 608 contione

61 624 226 685 recitatum.
264 622 323 683 Sed
343 625 501 684 nouissimo
524 632 695 686 testamento
717 636 778 687 tres
800 630 920 688 instituit
936 629 1061 691 heredes

37 723 199 768 asorornm
215 715 359 786 nepotes,
383 706 482 769 Gaium
501 707 652 768 Octavium
667 728 705 769 ex
722 710 876 786 dodrante,
901 721 929 771 et
944 712 1061 774 Lucium

63 791 208 852 Pinarium
225 799 254 850 et
272 791 405 866 Quintum
427 791 545 851 Pedium
568 811 605 851 ex
628 792 785 870 quadrante
806 795 933 874 reliquo;
955 798 1061 860 inimo

64 892 136 936 cera
148 873 246 936 Gaium
262 873 411 935 Octavium
423 877 508 936 etiam
522 877 551 935 in
568 875 702 937 familiam
720 895 880 956 nomenque
899 877 1059 957 adoptavit3

10 957 12 964 '
63 959 225 1040 plerosque
243 976 448 1038 percussorum
464 961 493 1018 in
510 959 652 1019 tutoribus
672 961 728 1037 lili,
745 964 770 1020 si
788 963 836 1039 qui
854 960 909 1020 sibi
926 980 1060 1023 nascere-

61 1053 126 1120 tur,
146 1044 316 1118 nomiuavit,
337 1043 487 1103 Decimum
503 1043 619 1103 Brutum
638 1046 722 1104 etiam
742 1047 771 1104 iu
790 1045 925 1105 secundis
947 1045 1060 1106 beredi-

23 1145 51 1186 ro
61 1128 130 1188 bus.
159 1125 272 1206 Populo
290 1126 391 1187 hortos
415 1129 493 1189 circa
518 1125 645 1188 Tiberim
667 1127 802 1207 publice,
823 1137 852 1188 ct
875 1129 980 1189 viritim
1003 1138 1060 1190 tre-

63 1228 156 1273 cenos
181 1211 332 1270 sestertios
354 1211 472 1288 legavit.

128 1293 241 1355 Funere
265 1293 372 1355 indicto
400 1313 490 1372 rogus
513 1304 676 1356 exstructus
698 1303 744 1354 est
769 1296 797 1354 in
820 1294 924 1356 blartio
955 1309 1102 1375 composa

61 1381 144 1439 iuxta
161 1377 251 1438 Iuliae
267 1379 402 1438 tumulum
419 1388 448 1439 et
466 1396 521 1457 pro
543 1381 646 1440 rostris
670 1387 768 1440 aurata
786 1378 874 1440 aedes
893 1378 928 1439 ad
946 1380 1058 1442 simula·

10 1538 16 1548 ‚
63 1479 145 1523 crum
169 1461 269 1540 templi
290 1464 414 1523 Veneris
438 1461 599 1522 Genetricis
621 1464 779 1531 collocatu;
812 1464 943 1542 intraque
966 1464 1060 1524 lectus

24 1564 51 1604 re
64 1546 211 1606 eburneus
232 1563 302 1605 auro
325 1565 359 1606 ao
380 1564 505 1625 purpura
533 1556 654 1624 stratus,
688 1555 717 1606 et
742 1545 778 1606 ad
803 1555 888 1624 caput
910 1555 1060 1626 tropaeum

64 1647 131 1690 cum
149 1637 248 1705 veste,
271 1631 300 1689 in
324 1648 379 1708 qua
401 1630 495 1689 fuerat
519 1633 645 1691 occisus.
675 1628 908 1690 Praeierebtibus
930 1647 1058 1708 munera,

63 1714 133 1793 quia
150 1712 322 1773 suffecturus
340 1713 403 1773 dies
420 1731 478 1773 non
495 1714 660 1791 uidebatur,
683 1722 886 1793 praeceptum,
909 1722 939 1773 ut
952 1716 1059 1774 omisso

62 1796 177 1872 ordine,
188 1795 290 1875 quibus
303 1798 423 1876 quisque
434 1797 523 1857 vellet
535 1797 683 1859 itineribus
696 1798 785 1876 urbis,
797 1805 926 1878 portaret
937 1799 966 1856 in
978 1796 1059 1858 Cam·

63 1898 142 1960 pum.
164 1879 242 1938 luter
254 1879 336 1938 ludos
350 1889 460 1943 cantata
477 1891 541 1942 sunt
553 1881 691 1963 quaedam
703 1882 737 1944 ad
751 1883 963 1942 miserationem
978 1890 1007 1941 et
1018 1883 1058 1940 in-

20 1989 51 2033 ao
61 1963 168 2030 vidium
181 1962 279 2028 caedis
295 1969 357 2028 cius
376 1969 590 2029 accommodata
603 1987 640 2028 ex
652 1968 758 2029 Pacuui
775 1967 928 2025 Armorum
943 1963 1058 2025 iudicio:

210 2055 277 2112 Men
292 2071 435 2126 servasse,
456 2062 487 2111 ut
504 2063 593 2112 esseut
608 2058 658 2127 qui
672 2070 714 2110 me
730 2054 899 2125 perderent?

62 2149 94 2200 et
112 2157 150 2198 ex
165 2137 284 2197 Electra
300 2136 372 2196 Atili
389 2136 423 2196 ad
448 2136 570 2194 similem
587 2136 767 2194 sententiam.
793 2131 975 2191 Laudationis
991 2131 1058 2191 loco

10 2270 34 2335 Β
64 2221 168 2284 consul
185 2220 330 2280 Antonius
347 2238 401 2299 per
412 2237 589 2297 praeconem
606 2217 798 2297 pronuntiavit
813 2222 929 2274 senatus
946 2214 1058 2274 consul-

64 2317 141 2383 ῑιωι,
162 2323 219 2384 quo
245 2305 339 2363 omnia
364 2303 446 2363 simul
465 2305 493 2362 ei
516 2302 611 2362 divina
633 2311 718 2381 atque
734 2301 855 2360 bumana
878 2296 1059 2374 decreverat,

20 2393 135 2452 ²⁵item
154 2387 370 2465 iusiurandum,
386 2403 443 2466 quo
465 2404 496 2446 se
514 2387 609 2446 cuncti
632 2403 687 2464 pro
710 2384 802 2444 salute
819 2385 901 2441 unius
919 2384 1058 2442 astrinxe-

64 2482 144 2542 rant;
159 2471 262 2552 quibus
278 2489 425 2550 perpauca
440 2489 456 2530 a
470 2488 503 2530 se
518 2470 608 2530 verba
623 2469 739 2530 addidit.
757 2468 873 2527 Lectum
888 2482 942 2545 pro
957 2466 1059 2528 rostris

10 2572 19 2595 ⁸
64 2559 95 2618 in
116 2557 211 2616 iorum
227 2557 411 2632 magistratus
432 2563 461 2614 et
482 2553 641 2614 bonoribus
661 2554 750 2614 iuncti
766 2551 936 2611 detulerunt.
969 2551 1060 2626 Quem

66 2659 131 2702 cum
153 2657 222 2720 pars
247 2640 275 2697 iu
299 2637 455 2716 Capitolini
479 2636 559 2697 lovis
583 2638 657 2697 cella
682 2653 810 2696 cremare
833 2652 901 2712 pars
922 2635 952 2690 in
982 2635 1060 2692 curia

64 2724 187 2803 Pompei
213 2722 386 2799 destinaret,
416 2730 537 2800 repente
560 2721 615 2780 duo
639 2720 766 2799 quidam,
790 2717 895 2795 gladiis
921 2715 1060 2774 succincti

39 2827 99 2877 cac
125 2807 193 2866 bina
217 2806 312 2867 iacula
337 2814 503 2882 gestantes,
533 2804 698 2865 ardentibus
720 2804 814 2864 cereis
839 2799 1060 2872 succenderunt,

65 2891 278 2969 confestimque
314 2891 554 2950 circumstantium
579 2889 662 2948 turba
684 2886 810 2964 virgulta
835 2883 914 2944 arida
940 2891 969 2942 et
998 2897 1061 2941 cum

65 2973 214 3036 subselliis
235 2973 402 3049 tribunalia,
427 2973 562 3051 quicquid
583 2981 735 3051 praeterea
761 2969 797 3029 ad
817 2967 921 3027 donum
952 2965 1060 3039 aderat,

10 3056 41 3112 P
66 3059 228 3135 congessit.
246 3056 359 3116 Deinde
376 3056 511 3116 tibicines
526 3066 554 3116 et
567 3056 675 3114 scenici
691 3055 818 3114 artifices
832 3059 953 3125 vestem,
978 3065 1061 3127 quarn

10 3148 104 3289 ker
116 3139 324 3220 triumphorum
339 3143 526 3200 instrumento
542 3139 577 3200 ad
595 3147 777 3218 praesentem
797 3151 878 3193 usum
900 3133 1060 3206 induerant,

64 3225 225 3286 detractam
240 3224 294 3284 sibi
314 3233 399 3303 atque
415 3223 566 3284 discissam
586 3224 714 3281 iniecere
738 3220 883 3294 llammae,
907 3222 936 3276 et
950 3224 1060 3276 vetera·

63 3325 168 3370 norum
188 3307 306 3368 militum
331 3307 486 3386 legionarii
514 3325 591 3366 arma
616 3323 681 3380 sua,
717 3302 819 3382 quibus
846 3300 953 3360 exculti
977 3299 1061 3358 lunus

66 3391 269 3462 celebrabaut;
288 3401 436 3452 matronae
453 3391 537 3450 etiam
552 3389 710 3468 pleraeque
726 3391 892 3446 ornamenta
906 3402 968 3461 sua,
988 3399 1061 3461 quae

10 3450 223 3561 ffiqerebaut,
242 3475 445 3536 et·liberorum
459 3472 553 3533 bullas
569 3481 653 3551 atque
668 3479 858 3590 praetextap.*
