2286 3944
404 144 611 227 annuarum.
843 179 964 230 nxxvu

53 330 192 399 intimem!
230 339 273 393 hle
297 322 416 408 quidem¹
430 337 664 406 contradicentem
685 355 740 395 non
756 341 885 409 habebit,
911 337 959 412 qui

55 430 146 481 totum
161 438 263 494 corpus
278 420 433 476 Latinarum
447 421 601 482 litterarum
619 422 755 479 historiae
771 423 958 480 Suetonium

56 513 166 580 septem
184 501 229 562 vel
245 512 309 560 octo
324 503 429 560 libellis
445 503 605 559 constitisse
622 504 676 561 sibi
693 507 874 578 persuaserit.

120 590 249 646 Fortasse
270 593 384 658 quaeret
402 587 503 658 aliquis
521 587 621 657 ecquid
642 595 733 645 exstet
752 590 866 660 indicii,
885 591 958 646 unde
987 642 989 647 ,
1097 638 1099 642 ,

60 674 173 730 eluceat
197 687 251 742 quo
273 671 445 742 potissimum
471 676 595 742 tempore
618 671 768 730 Suetonius
790 675 842 729 hos
868 674 958 730 libros

12 814 14 824 ,
57 756 184 812 edidisse
208 755 351 818 videntum
379 770 469 825 neque
490 754 736 825 praetermittenda
755 762 818 812 sunt
833 772 903 827 quae
923 759 959 813 ad

12 903 15 911 Ι
58 856 121 895 eam
141 855 198 893 rem
224 837 426 894 diiudicandum
447 835 613 909 pertineant
659 837 740 904 Quod
764 839 789 895 si
812 838 958 894 illustrium
1021 837 1022 840 ’

58 922 182 978 virorum
202 923 236 977 ab
257 921 307 976 illo
328 920 493 992 scriptorum
514 925 605 976 aetate
626 927 782 992 postremos
807 922 958 978 contuleri-

57 1021 120 1060 mus
135 1001 196 1060 cum
209 1005 244 1060 iis
260 1019 330 1075 quos
346 1018 400 1058 non
417 1003 541 1075 scripsit,
556 1004 703 1074 probabile
717 1005 849 1061 iudicium
864 1006 958 1061 lacere

58 1088 229 1152 videbimur;
258 1087 383 1143 rivorum
410 1087 482 1143 enim
506 1086 662 1142 nominibus
688 1088 802 1145 atritis
827 1088 959 1145 abstinuit

55 1172 230 1228 necessario.

123 1253 352 1311 Commemoravit
370 1252 457 1324 igitur
485 1270 513 1325 p.
531 1259 583 1313 272
607 1253 819 1324 Quintilianum,
840 1256 958 1326 Isaeum,

55 1337 155 1395 lulium
171 1337 299 1395 'lironem
312 1338 451 1406 rhetores,
468 1352 537 1407 quos
551 1343 695 1408 antequam
710 1337 775 1394 libri
791 1339 825 1394 de
840 1340 959 1395 illustri-

56 1422 110 1479 bus
126 1423 194 1478 viris
211 1422 358 1477 ederentur
374 1419 448 1475 diem
463 1418 558 1476 obisse
576 1425 697 1491 oportet.
741 1421 796 1478 lam
810 1421 957 1488 Quintilia-

55 1521 111 1561 nus
126 1506 171 1562 rel
186 1504 342 1561 Domitiano
354 1504 400 1560 vel
414 1501 504 1558 Nerva
520 1503 674 1576 imperante
689 1503 747 1559 lato
762 1501 957 1579 concessit⁶²),

55 1588 156 1644 isaeus
173 1589 223 1644 sub
240 1587 319 1643 initia
334 1587 506 1659 principatus
515 1586 625 1643 'Praiani
641 1603 738 1641 annum
754 1589 958 1659 sexagesimum

56 1678 222 1727 excesserat
234 1677 304 1726 teste
321 1670 409 1725 Plinio
428 1670 508 1742 epist.
521 1676 548 1739 2,
561 1677 588 1739 3,
604 1677 631 1727 5.
649 1670 701 1725 clr.
717 1670 855 1727 luvenalis
867 1678 894 1741 3,
907 1676 957 1737 74;

54 1754 157 1810 lulium
176 1755 313 1824 Tironem,
333 1770 413 1825 quem
435 1754 559 1808 nonnulli
582 1754 709 1824 imperite
728 1770 789 1809 cum
813 1754 957 1812 Ciceronis

54 1836 162 1894 liberto
179 1833 245 1911 (clr.
266 1855 293 1909 p.
309 1843 371 1907 289,
389 1832 438 1909 14)
455 1838 648 1901 contuderunt,
665 1837 737 1892 idem
752 1838 856 1894 Plinius
874 1839 956 1910 epist.

53 1926 93 1990 6,
113 1928 145 1981 31
167 1928 301 1977 mortuum
318 1937 382 1976 esse
403 1920 488 1975 tradit
504 1936 564 1975 oum
581 1915 714 1976 Traianus
730 1920 757 1974 in
772 1921 857 1977 Dacia
874 1928 958 1992 esset,
973 1926 979 1964 ἒ

53 2004 78 2060 i.
98 2020 122 2062 e.
141 2021 212 2060 anno
229 2011 279 2064 105
294 2004 340 2059 vel
358 2008 417 2062 106.
439 2002 509 2057 Hinc
527 2002 683 2057 certissime
698 2003 833 2073 sequitur,
849 2009 878 2057 at
895 2010 960 2075 post

51 2066 157 2143 sinuum
172 2093 222 2147 106
240 2087 268 2142 hi
284 2085 351 2140 libri
367 2085 434 2141 editi
450 2085 514 2139 sint,
996 2137 999 2142 ,

120 2170 197 2226 Nunc
214 2169 362 2227 videndum
377 2170 411 2223 de
429 2168 465 2224 iis
483 2183 552 2238 quos
569 2167 746 2237 Tranquillus
762 2183 815 2222 non
833 2168 957 2241 scripsit.

52 2253 159 2310 Eorum
174 2261 232 2310 tres
246 2252 369 2321 nomino,
386 2252 544 2307 iuvenalem
560 2250 683 2306 Tacitum
699 2249 814 2306 Plinium
822 2245 867 2324 ⁸³).
910 2252 956 2306 lu-

53 2338 164 2394 venalis
183 2337 321 2406 vitarum,
345 2352 413 2407 quas
440 2334 529 2390 editas
555 2334 620 2390 vide
645 2335 717 2405 apud
739 2333 866 2390 Ottonem
891 2336 958 2390 lahn
997 2326 998 2330 ¹

53 2427 153 2494 p.386,
167 2421 268 2475 nullam
284 2419 410 2476 Suetonii
426 2435 458 2474 ac
476 2435 510 2473 ne
526 2417 595 2473 satis
607 2417 716 2488 quidem
730 2423 866 2474 uetustam
882 2435 974 2488 esse,

52 2505 111 2561 iam
128 2503 201 2559 inter
219 2519 313 2559 omnes
328 2507 450 2565 constat3
465 2500 593 2571 singulae
609 2501 681 2555 enim
696 2502 758 2572 plus
775 2501 899 2558 minusve
915 2504 956 2558 la-

52 2589 175 2644 hulosae
195 2593 258 2642 sunt
279 2593 307 2641 et
326 2586 400 2641 nulla
422 2585 476 2640 ilde
492 2584 610 2654 dignae,
631 2600 691 2639 cum
717 2585 752 2640 de
772 2585 833 2656 ipsa
855 2592 956 2656 poetae

52 2676 148 2728 aetate
167 2676 278 2726 taceant
297 2675 344 2725 aut
365 2669 435 2724 laisa
459 2668 585 2738 tradant,
611 2684 691 2738 quem
717 2685 741 2723 a.
765 2673 814 2728 127
836 2667 865 2723 in
884 2668 957 2724 vivis

52 2798 264 2814 na———q—

124 2864 170 2929 62)
186 2866 259 2916 Falso
276 2867 402 2916 viventem
413 2865 528 2934 nonnulli
542 2881 558 2915 a
574 2866 655 2916 Plinio
670 2873 695 2916 et
712 2867 830 2916 Iuvenale
847 2880 956 2916 comme·

51 2934 149 2985 morarl
165 2934 318 2985 voluerum·
342 2933 456 2983 Pliniana
471 2934 576 2998 epistola
592 2934 622 2994 6,
643 2933 677 2985 32
694 2935 717 2984 sl
734 2951 794 2986 vere
809 2935 843 2983 ad
859 2933 956 2993 Qatnu-

52 3003 150 3058 lleuum
170 3002 228 3052 data
251 3010 303 3062 est,
329 3000 393 3051 nihil
418 3015 510 3052 censae
528 3010 633 3068 apparet
654 3018 698 3051 cur
718 3004 749 3053 de
773 3002 850 3053 Pablo
872 3002 956 3065 magis

53 3085 132 3136 quam
147 3071 179 3122 de
195 3070 276 3120 Nonio
291 3070 420 3136 caplatur3
443 3069 569 3120 rhetorem
586 3070 670 3119 omnia
685 3071 838 3132 excludunt,
866 3069 912 3119 cfr.
929 3069 955 3130 2,

54 3140 98 3199 14,
117 3139 142 3190 9.
165 3139 190 3200 6,
208 3139 238 3201 6,
252 3138 276 3190 3.
313 3137 440 3188 luvenalis
459 3137 529 3189 locus
547 3137 881 3203 7,189d0m0rtuoagtt,
899 3151 956 3186 oum

52 3207 97 3258 llle
115 3222 166 3258 non
183 3208 263 3258 soleat
283 3207 333 3257 nlsl
349 3213 462 3257 mortuos
479 3221 591 3273 carpere.

123 3293 170 3356 63)
193 3292 256 3342 Nam
271 3293 302 3343 de
319 3291 404 3342 Salvio
419 3291 517 3341 Iuliano
535 3299 560 3340 et
578 3292 705 3340 Frontone
720 3298 744 3339 et
759 3289 875 3356 Ulpiano,
891 3305 955 3355 quos

52 3358 196 3424 ilerumnn,
218 3360 294 3411 credo
309 3368 337 3409 nt
353 3360 525 3410 centenarium
542 3373 673 3409 numerum
691 3359 835 3424 compleret,
888 3367 952 3410 stre·

52 3442 110 3479 mog
129 3429 202 3491 feeit,
222 3428 387 3490 ffiammypmnr
403 3428 550 3476 'harmotum
570 3427 605 3472 lili
635 3427 698 3476 vm,
712 3435 838 3470 nmnlnmm
874 3426 941 3477 abacia
