2286 3944
481 228 650 288 uiuamus.
1007 231 1065 293 107

86 393 110 452 ti
132 389 265 467 solebat,
288 393 353 469 regi
367 392 523 453 videretur.
553 393 628 453 Tulit
645 394 731 453 etiam
744 394 916 471 perindigne
931 404 1025 455 actum
1039 397 1068 456 in

86 483 189 552 enatu,
211 483 241 535 ut
259 475 350 535 titulis
373 477 432 536 suis
453 477 533 555 quasi
549 477 689 552 Augusti,
710 479 749 537 ita
771 486 800 537 et
813 477 941 537 Liviae
962 479 1068 539 filius

86 559 244 619 diceretur.
274 558 370 634 Quare
390 576 447 619 nou
470 569 660 638 parentem
675 562 816 638 patriae
834 561 992 639 appellari,
1009 579 1068 622 uon

87 643 159 704 llum
177 642 318 718 insignem
335 643 474 703 bonorem
490 643 624 720 recipere
642 643 758 722 publice
774 661 879 722 passus
895 654 953 713 est;
970 645 1021 704 sed
1039 653 1068 704 et

86 733 240 804 requenter
262 725 420 804 admonuit,
440 725 595 786 maioribus
618 745 673 786 uec
689 727 811 786 feminae
830 728 1067 787 convenientibus

89 809 199 886 egotiis
213 807 388 886 abstineret,
406 811 564 888 praecipue
578 818 607 868 ut
619 809 825 887 animadvertit,
841 811 975 870 incendio
990 813 1068 871 iuxta

87 892 173 953 edem
190 892 299 953 Vestae
320 901 350 952 et
371 894 464 971 ipsam
483 894 674 953 intervenisse
695 893 889 972 populumque
908 903 937 953 et
951 895 1067 970 milites,

87 993 128 1055 uo
144 976 256 1035 enixius
271 993 357 1054 opem
373 977 493 1053 ferrent,
509 976 695 1053 adhortatam,
711 978 785 1036 sicut
797 977 849 1036 sub
863 979 965 1036 marito
983 977 1069 1037 solita

87 1068 161 1121 sset.
189 1058 302 1118 Dehinc
318 1059 353 1118 ad
370 1059 539 1119 simultatem
554 1078 644 1138 usque
661 1062 808 1138 processit
824 1060 895 1137 bac,
915 1069 945 1119 ut
962 1060 1109 1137 feruut,ol

89 1163 106 1203 e
128 1161 226 1203 causa.
254 1142 373 1203 lustauti
395 1145 526 1222 saepius,
551 1152 581 1203 ut
602 1145 718 1203 civitate
740 1143 874 1203 donatum
889 1145 918 1203 in
935 1144 1067 1204 decurias

87 1227 237 1304 dlegeret,
260 1229 378 1304 negavit
397 1226 453 1288 alia
475 1245 507 1285 se
532 1226 696 1287 conditione
719 1227 910 1304 adlecturum,
937 1245 1020 1306 quam
1044 1229 1068 1286 si

91 1318 219 1370 ateretur
240 1310 346 1369 ascribi
366 1309 627 1386 albo,·cctortum
647 1311 681 1370 id
699 1308 761 1370 sibi
781 1329 802 1370 u
825 1318 932 1371 matre.
965 1310 1004 1370 m
1018 1311 1068 1371 illa

87 1401 215 1455 ommota
235 1402 352 1454 veteres
374 1393 513 1472 quosdam
529 1393 565 1453 ad
580 1413 612 1454 sc
627 1393 751 1471 Augusti
769 1393 919 1454 codicillos
935 1394 971 1453 de
988 1412 1067 1452 acer·

88 1480 161 1538 itate
186 1486 215 1537 et
236 1477 419 1538 intolerantia
442 1494 552 1536 morum
574 1479 635 1537 eius
658 1496 674 1536 e
696 1479 823 1538 sacrario
846 1479 964 1556 protulit
983 1487 1067 1555 atque

87 1562 214 1622 ecitavit.
239 1561 300 1621 llos
318 1571 347 1620 et
367 1561 528 1621 custoditos
549 1569 606 1619 tam
627 1561 674 1620 diu
694 1571 722 1620 et
742 1561 936 1639 exprobratos
952 1571 1009 1621 tam
1026 1561 1067 1618 in-

88 1653 148 1706 este
178 1644 251 1705 adeo
277 1646 407 1721 graviter
435 1645 514 1718 tulit,
540 1653 569 1703 ut
594 1645 706 1723 quidam
728 1654 843 1723 putent,
870 1647 944 1704 iuter
966 1661 1068 1704 causas

88 1745 209 1789 ecessus
226 1728 300 1787 hauc
315 1730 342 1786 ei
360 1728 408 1788 vel
421 1729 604 1806 praecipuam
620 1729 720 1787 fuisse.
755 1727 830 1788 'loto
849 1728 962 1806 quidem
983 1729 1068 1786 trien·

88 1813 137 1888 io,
168 1828 223 1890 quo
247 1813 363 1871 vivente
386 1820 475 1870 matre
496 1811 578 1887 afuit,
606 1811 696 1870 semel
717 1812 832 1871 omuino
855 1829 917 1870 eam
934 1829 989 1869 uec
1012 1827 1067 1868 am·

91 1897 148 1954 lius
166 1913 249 1974 quam
271 1911 328 1953 uuo
350 1894 397 1954 die
418 1896 597 1972 paucissimis
620 1895 690 1954 vidit
711 1893 807 1962 horis;
830 1912 865 1953 ac
885 1911 953 1952 mox
974 1909 1068 1970 neque

89 1995 181 2056 egrae
208 1976 312 2038 adesse
337 1979 446 2037 curavit
465 1977 685 2056 defunctamque
707 1987 752 2054 et,
776 1977 841 2036 dum
863 1977 1003 2036 adventus
1025 1975 1069 2032 sui

88 2078 155 2141 pem
183 2061 269 2137 iacit,
300 2061 487 2140 complurium
515 2061 623 2120 dierum
643 2077 725 2120 mora
747 2069 883 2138 corrupto
906 2059 1018 2118 demum
1040 2064 1070 2116 et

88 2143 171 2205 ubido
203 2161 329 2222 corpore
358 2145 516 2204 funeratam
544 2144 690 2221 prohibuit
715 2144 900 2219 consecrari,
936 2143 1016 2220 quasi
1040 2139 1070 2198 id

88 2245 136 2288 rsa
148 2226 321 2287 mandasset.
347 2227 557 2288 Testamentum
575 2245 691 2305 quoque
709 2228 772 2285 eius
790 2243 844 2304 pro
862 2227 942 2285 irrito
961 2224 1068 2296 habuit,

90 2312 222 2388 mnisque
239 2311 377 2371 amicitias
400 2319 429 2370 et
450 2311 670 2386 familiaritates,
689 2312 773 2369 etiam
791 2309 893 2388 quibus
908 2306 943 2369 ea
960 2308 1069 2367 funeris

89 2396 116 2454 ui
129 2411 226 2454 curam
240 2395 366 2454 moriens
377 2393 608 2470 demandaverat,
622 2396 697 2453 iutra
715 2393 806 2452 breve
825 2402 938 2470 tempus
957 2391 1069 2466 afflixit,

91 2495 130 2538 no
148 2495 186 2536 ex
203 2479 249 2553 iis,
267 2480 410 2556 equestris
431 2477 537 2537 ordinis
553 2479 626 2554 viro,
645 2487 674 2536 et
691 2479 719 2536 iu
739 2477 852 2537 antliam
869 2476 1068 2536 condemnato.

135 2559 274 2620 Filiorum
293 2578 387 2640 neque
401 2561 558 2620 naturalem
571 2561 693 2620 Drusum
708 2578 802 2639 neque
818 2560 983 2638 adoptivum
999 2558 1111 2626 Ger-52

89 2644 213 2704 ranicum
234 2645 325 2723 patria
348 2645 467 2704 caritate
481 2644 590 2722 dilexit,
608 2645 725 2704 alterius
740 2645 816 2705 vitiis
837 2643 974 2702 infensus.
997 2641 1069 2700 Nam

89 2733 183 2787 trusus
197 2727 327 2788 fluxioris
347 2729 580 2806 remissiorisque
600 2730 675 2788 vitae
690 2736 761 2787 erat.
794 2727 894 2806 ltaque
907 2745 942 2785 ne
957 2733 1068 2783 mortuo

89 2809 190 2890 [uidem
212 2811 332 2890 perinde
347 2810 478 2872 adfectus
494 2821 548 2888 est,
565 2812 617 2871 sed
633 2820 739 2871 tautmu
754 2829 811 2871 nou
826 2812 919 2870 statim
936 2826 952 2867 a
968 2808 1069 2866 funere

90 2895 108 2955 d
137 2895 322 2971 negotiorum
350 2894 584 2954 cousuetudinem
611 2895 712 2970 rediit,
741 2895 848 2954 iustitio
870 2893 1006 2968 longiore
1028 2891 1069 2948 iu·

92 2977 175 3038 ibito.
210 2978 284 3052 Quin
306 2988 335 3038 et
355 2977 500 3039 Iliensium
515 2978 620 3057 legatis
634 2978 721 3058 paulo
736 2980 829 3037 serius
845 2972 1070 3048 consolantibus,

90 3063 156 3140 ¹uasi
183 3060 335 3122 obliterata
360 3063 415 3122 iam
443 3062 552 3122 doloris
573 3062 725 3138 memoria,
753 3059 876 3120 irridens
898 3075 932 3117 se
953 3072 1072 3134 quoque

90 3144 225 3225 espoudit
241 3145 337 3206 uicem
356 3164 460 3207 corum
477 3145 597 3222 dolere,
620 3144 703 3225 quod
719 3142 872 3224 egregium
893 3140 988 3201 civem
1008 3136 1070 3199 He·

90 3235 190 3290 formu
210 3229 395 3290 omisissent,
428 3229 597 3290 Germanico
618 3245 709 3306 usque
733 3227 806 3288 adeo
829 3223 1016 3300 obtrectavit,
1041 3229 1072 3282 ut

91 3321 103 3372 t
129 3312 282 3391 praeclara
307 3313 383 3374 facta
406 3315 467 3373 eius
487 3331 541 3391 pro
565 3312 752 3389 supervacuis
772 3309 893 3369 eleuarit
914 3316 942 3366 et
963 3305 1070 3383 glorio·

90 3397 205 3457 issimas
233 3399 370 3457 victorias
398 3414 451 3456 ceu
480 3395 630 3455 damnosas
657 3395 701 3453 rei
723 3413 752 3473 p.
774 3395 948 3471 increparet.
988 3387 1070 3465 Quod

90 3497 147 3541 'ero
171 3479 384 3541 Alexandream
403 3488 524 3560 propter
544 3479 708 3538 immensam
728 3487 757 3537 et
776 3476 954 3555 repentinam
969 3475 1072 3534 famem
