<?xml version="1.0" encoding="UTF-8"?>
<!DOCTYPE html PUBLIC "-//W3C//DTD XHTML 1.0 Transitional//EN"
    "http://www.w3.org/TR/xhtml1/DTD/xhtml1-transitional.dtd">
<html xmlns="http://www.w3.org/1999/xhtml" xml:lang="en" lang="en">
 <head>
  <title>
</title>
<meta http-equiv="Content-Type" content="text/html;charset=utf-8" />
  <meta name='ocr-system' content='tesseract 3.04.00' />
  <meta name='ocr-capabilities' content='ocr_page ocr_carea ocr_par ocr_line ocrx_word'/>
</head>
<body>
  <div class='ocr_page' id='page_1' title='image "./csuetonitranqui01suetgoog_0200.png"; bbox 0 0 2286 3944; ppageno 0'>
   <div class='ocr_carea' id='block_1_1' title="bbox 516 254 1063 317">
    <p class='ocr_par' dir='ltr' id='par_1_1' title="bbox 516 254 1063 317">
     <span class='ocr_line' id='line_1_1' title="bbox 516 254 1063 317; baseline 0.011 -6"><span class='ocrx_word' id='word_1_1' title='bbox 516 263 685 312; x_wconf 78' lang='lat' dir='ltr'><strong>arcemus.</strong></span> <span class='ocrx_word' id='word_1_2' title='bbox 1024 254 1063 317; x_wconf 84' lang='lat' dir='ltr'><strong>et</strong></span> 
     </span>
    </p>
   </div>
   <div class='ocr_carea' id='block_1_2' title="bbox 10 418 1137 3594">
    <p class='ocr_par' dir='ltr' id='par_1_2' title="bbox 10 418 1137 3594">
     <span class='ocr_line' id='line_1_2' title="bbox 63 418 1066 500; baseline 0.001 -20"><span class='ocrx_word' id='word_1_3' title='bbox 63 419 186 496; x_wconf 77' lang='lat' dir='ltr'>Quidam</span> <span class='ocrx_word' id='word_1_4' title='bbox 203 421 383 497; x_wconf 85' lang='lat' dir='ltr'><strong>existimant,</strong></span> <span class='ocrx_word' id='word_1_5' title='bbox 402 418 505 479; x_wconf 90' lang='lat' dir='ltr'><strong>adultis</strong></span> <span class='ocrx_word' id='word_1_6' title='bbox 520 421 575 478; x_wconf 87' lang='lat' dir='ltr'><strong>iam</strong></span> <span class='ocrx_word' id='word_1_7' title='bbox 589 419 713 496; x_wconf 79' lang='lat' dir='ltr'><strong>Augusti</strong></span> <span class='ocrx_word' id='word_1_8' title='bbox 730 420 839 499; x_wconf 88' lang='lat' dir='ltr'><strong>liberis,</strong></span> <span class='ocrx_word' id='word_1_9' title='bbox 858 421 925 481; x_wconf 92' lang='lat' dir='ltr'><strong>loco</strong></span> <span class='ocrx_word' id='word_1_10' title='bbox 941 429 970 480; x_wconf 88' lang='lat' dir='ltr'><strong>et</strong></span> <span class='ocrx_word' id='word_1_11' title='bbox 984 421 1066 500; x_wconf 86' lang='lat' dir='ltr'><strong>quasi</strong></span> 
     </span>
     <span class='ocr_line' id='line_1_3' title="bbox 62 503 1065 584; baseline 0 -20"><span class='ocrx_word' id='word_1_12' title='bbox 62 505 254 584; x_wconf 78' lang='lat' dir='ltr'><strong>possessione</strong></span> <span class='ocrx_word' id='word_1_13' title='bbox 268 505 398 582; x_wconf 89' lang='lat' dir='ltr'><strong>usurpati</strong></span> <span class='ocrx_word' id='word_1_14' title='bbox 411 521 427 562; x_wconf 92' lang='lat' dir='ltr'><strong>a</strong></span> <span class='ocrx_word' id='word_1_15' title='bbox 444 521 476 562; x_wconf 90' lang='lat' dir='ltr'><strong>se</strong></span> <span class='ocrx_word' id='word_1_16' title='bbox 492 503 538 562; x_wconf 91' lang='lat' dir='ltr'><strong>diu</strong></span> <span class='ocrx_word' id='word_1_17' title='bbox 554 503 671 562; x_wconf 90' lang='lat' dir='ltr'><strong>secundi</strong></span> <span class='ocrx_word' id='word_1_18' title='bbox 685 504 792 581; x_wconf 83' lang='lat' dir='ltr'><strong>gradus</strong></span> <span class='ocrx_word' id='word_1_19' title='bbox 807 514 912 584; x_wconf 89' lang='lat' dir='ltr'><strong>sponte</strong></span> <span class='ocrx_word' id='word_1_20' title='bbox 928 507 1065 582; x_wconf 88' lang='lat' dir='ltr'><strong>cessisse,</strong></span> 
     </span>
     <span class='ocr_line' id='line_1_4' title="bbox 61 586 1066 667; baseline 0.001 -19"><span class='ocrx_word' id='word_1_21' title='bbox 61 587 200 667; x_wconf 81' lang='lat' dir='ltr'><strong>exemplo</strong></span> <span class='ocrx_word' id='word_1_22' title='bbox 219 587 258 648; x_wconf 82' lang='lat' dir='ltr'><strong>ll.</strong></span> <span class='ocrx_word' id='word_1_23' title='bbox 280 587 432 665; x_wconf 84' lang='lat' dir='ltr'><strong>Agrippae</strong></span> <span class='ocrx_word' id='word_1_24' title='bbox 452 588 513 665; x_wconf 93' lang='lat' dir='ltr'><strong>qui,</strong></span> <span class='ocrx_word' id='word_1_25' title='bbox 533 586 729 654; x_wconf 71' lang='lat' dir='ltr'><strong>molucam</strong></span> <span class='ocrx_word' id='word_1_26' title='bbox 753 587 789 648; x_wconf 91' lang='lat' dir='ltr'><strong>ad</strong></span> <span class='ocrx_word' id='word_1_27' title='bbox 808 606 926 649; x_wconf 89' lang='lat' dir='ltr'><strong>munera</strong></span> <span class='ocrx_word' id='word_1_28' title='bbox 949 587 1066 667; x_wconf 87' lang='lat' dir='ltr'><strong>publica</strong></span> 
     </span>
     <span class='ocr_line' id='line_1_5' title="bbox 62 670 1064 751; baseline 0 -19"><span class='ocrx_word' id='word_1_29' title='bbox 62 671 195 747; x_wconf 86' lang='lat' dir='ltr'><strong>admoto,</strong></span> <span class='ocrx_word' id='word_1_30' title='bbox 211 671 364 746; x_wconf 71' lang='lat' dir='ltr'><strong>Mytilenas</strong></span> <span class='ocrx_word' id='word_1_31' title='bbox 380 671 492 747; x_wconf 90' lang='lat' dir='ltr'><strong>abierit,</strong></span> <span class='ocrx_word' id='word_1_32' title='bbox 509 688 545 728; x_wconf 94' lang='lat' dir='ltr'><strong>ne</strong></span> <span class='ocrx_word' id='word_1_33' title='bbox 559 680 605 729; x_wconf 86' lang='lat' dir='ltr'><strong>aut</strong></span> <span class='ocrx_word' id='word_1_34' title='bbox 617 670 735 730; x_wconf 90' lang='lat' dir='ltr'><strong>obstare</strong></span> <span class='ocrx_word' id='word_1_35' title='bbox 747 681 794 731; x_wconf 88' lang='lat' dir='ltr'><strong>aut</strong></span> <span class='ocrx_word' id='word_1_36' title='bbox 804 672 970 732; x_wconf 78' lang='lat' dir='ltr'><strong>obtrectare</strong></span> <span class='ocrx_word' id='word_1_37' title='bbox 980 690 1064 751; x_wconf 90' lang='lat' dir='ltr'><strong>prae·</strong></span> 
     </span>
     <span class='ocr_line' id='line_1_6' title="bbox 38 754 1064 833; baseline 0.001 -19"><span class='ocrx_word' id='word_1_38' title='bbox 38 772 133 816; x_wconf 80' lang='lat' dir='ltr'><strong>ssens</strong></span> <span class='ocrx_word' id='word_1_39' title='bbox 148 754 305 816; x_wconf 88' lang='lat' dir='ltr'><strong>videretur.</strong></span> <span class='ocrx_word' id='word_1_40' title='bbox 349 755 439 829; x_wconf 80' lang='lat' dir='ltr'><strong>Quam</strong></span> <span class='ocrx_word' id='word_1_41' title='bbox 456 771 570 813; x_wconf 89' lang='lat' dir='ltr'><strong>causam</strong></span> <span class='ocrx_word' id='word_1_42' title='bbox 585 763 614 813; x_wconf 93' lang='lat' dir='ltr'><strong>et</strong></span> <span class='ocrx_word' id='word_1_43' title='bbox 628 756 708 833; x_wconf 91' lang='lat' dir='ltr'><strong>ipse,</strong></span> <span class='ocrx_word' id='word_1_44' title='bbox 732 754 784 814; x_wconf 92' lang='lat' dir='ltr'><strong>sed</strong></span> <span class='ocrx_word' id='word_1_45' title='bbox 798 764 914 833; x_wconf 90' lang='lat' dir='ltr'><strong>postea,</strong></span> <span class='ocrx_word' id='word_1_46' title='bbox 932 755 1064 816; x_wconf 76' lang='lat' dir='ltr'><strong>reddidit.</strong></span> 
     </span>
     <span class='ocr_line' id='line_1_7' title="bbox 61 837 1064 918; baseline -0.003 -17"><span class='ocrx_word' id='word_1_47' title='bbox 61 839 143 901; x_wconf 83' lang='lat' dir='ltr'><strong>&#39;lunc</strong></span> <span class='ocrx_word' id='word_1_48' title='bbox 159 847 252 899; x_wconf 91' lang='lat' dir='ltr'><strong>autem</strong></span> <span class='ocrx_word' id='word_1_49' title='bbox 267 837 406 898; x_wconf 91' lang='lat' dir='ltr'><strong>honorum</strong></span> <span class='ocrx_word' id='word_1_50' title='bbox 417 840 581 897; x_wconf 89' lang='lat' dir='ltr'><strong>satietatem</strong></span> <span class='ocrx_word' id='word_1_51' title='bbox 598 856 632 898; x_wconf 93' lang='lat' dir='ltr'><strong>ac</strong></span> <span class='ocrx_word' id='word_1_52' title='bbox 645 839 773 916; x_wconf 85' lang='lat' dir='ltr'><strong>requiem</strong></span> <span class='ocrx_word' id='word_1_53' title='bbox 788 838 918 898; x_wconf 94' lang='lat' dir='ltr'><strong>laborum</strong></span> <span class='ocrx_word' id='word_1_54' title='bbox 930 848 1064 918; x_wconf 85' lang='lat' dir='ltr'><strong>praeten-</strong></span> 
     </span>
     <span class='ocr_line' id='line_1_8' title="bbox 61 923 1064 1002; baseline -0.003 -18"><span class='ocrx_word' id='word_1_55' title='bbox 61 923 146 1000; x_wconf 87' lang='lat' dir='ltr'><strong>dens,</strong></span> <span class='ocrx_word' id='word_1_56' title='bbox 161 931 348 982; x_wconf 89' lang='lat' dir='ltr'><strong>commeatum</strong></span> <span class='ocrx_word' id='word_1_57' title='bbox 364 923 449 1002; x_wconf 91' lang='lat' dir='ltr'><strong>petit;</strong></span> <span class='ocrx_word' id='word_1_58' title='bbox 466 939 560 1000; x_wconf 92' lang='lat' dir='ltr'><strong>neque</strong></span> <span class='ocrx_word' id='word_1_59' title='bbox 577 931 624 981; x_wconf 87' lang='lat' dir='ltr'><strong>aut</strong></span> <span class='ocrx_word' id='word_1_60' title='bbox 638 923 720 981; x_wconf 90' lang='lat' dir='ltr'><strong>matri</strong></span> <span class='ocrx_word' id='word_1_61' title='bbox 736 923 907 1001; x_wconf 80' lang='lat' dir='ltr'><strong>suppliciter</strong></span> <span class='ocrx_word' id='word_1_62' title='bbox 922 924 1064 1001; x_wconf 88' lang='lat' dir='ltr'><strong>precanti,</strong></span> 
     </span>
     <span class='ocr_line' id='line_1_9' title="bbox 61 1005 1064 1085; baseline -0.004 -16"><span class='ocrx_word' id='word_1_63' title='bbox 61 1015 110 1069; x_wconf 84' lang='lat' dir='ltr'><strong>aut</strong></span> <span class='ocrx_word' id='word_1_64' title='bbox 126 1007 232 1067; x_wconf 88' lang='lat' dir='ltr'><strong>vitrico</strong></span> <span class='ocrx_word' id='word_1_65' title='bbox 247 1005 344 1066; x_wconf 86' lang='lat' dir='ltr'><strong>deseri</strong></span> <span class='ocrx_word' id='word_1_66' title='bbox 359 1024 392 1065; x_wconf 92' lang='lat' dir='ltr'><strong>se</strong></span> <span class='ocrx_word' id='word_1_67' title='bbox 408 1007 492 1065; x_wconf 86' lang='lat' dir='ltr'><strong>etiam</strong></span> <span class='ocrx_word' id='word_1_68' title='bbox 508 1007 536 1064; x_wconf 88' lang='lat' dir='ltr'><strong>ln</strong></span> <span class='ocrx_word' id='word_1_69' title='bbox 560 1014 661 1065; x_wconf 89' lang='lat' dir='ltr'><strong>senatu</strong></span> <span class='ocrx_word' id='word_1_70' title='bbox 681 1007 869 1085; x_wconf 81' lang='lat' dir='ltr'><strong>conquerenti</strong></span> <span class='ocrx_word' id='word_1_71' title='bbox 886 1008 999 1066; x_wconf 89' lang='lat' dir='ltr'><strong>veniam</strong></span> <span class='ocrx_word' id='word_1_72' title='bbox 1015 1005 1064 1065; x_wconf 92' lang='lat' dir='ltr'><strong>de·</strong></span> 
     </span>
     <span class='ocr_line' id='line_1_10' title="bbox 10 1088 1064 1170; baseline -0.003 -19"><span class='ocrx_word' id='word_1_73' title='bbox 10 1104 17 1115; x_wconf 80' lang='grc'><strong><em>’</em></strong></span> <span class='ocrx_word' id='word_1_74' title='bbox 61 1090 111 1151; x_wconf 92' lang='lat' dir='ltr'><strong>dit.</strong></span> <span class='ocrx_word' id='word_1_75' title='bbox 147 1090 222 1165; x_wconf 82' lang='lat' dir='ltr'><strong>Quin</strong></span> <span class='ocrx_word' id='word_1_76' title='bbox 244 1097 273 1150; x_wconf 89' lang='lat' dir='ltr'><strong>et</strong></span> <span class='ocrx_word' id='word_1_77' title='bbox 295 1089 471 1168; x_wconf 85' lang='lat' dir='ltr'><strong>pertinacius</strong></span> <span class='ocrx_word' id='word_1_78' title='bbox 491 1088 695 1166; x_wconf 87' lang='lat' dir='ltr'><strong>retinentibus,</strong></span> <span class='ocrx_word' id='word_1_79' title='bbox 721 1089 787 1149; x_wconf 91' lang='lat' dir='ltr'><strong>cibo</strong></span> <span class='ocrx_word' id='word_1_80' title='bbox 813 1109 867 1169; x_wconf 91' lang='lat' dir='ltr'><strong>per</strong></span> <span class='ocrx_word' id='word_1_81' title='bbox 888 1089 1064 1170; x_wconf 82' lang='lat' dir='ltr'><strong>quatriduum</strong></span> 
     </span>
     <span class='ocr_line' id='line_1_11' title="bbox 16 1172 1064 1252; baseline 0.001 -21"><span class='ocrx_word' id='word_1_82' title='bbox 16 1178 53 1234; x_wconf 75' lang='lat' dir='ltr'><strong>[ro</strong></span> <span class='ocrx_word' id='word_1_83' title='bbox 64 1174 209 1235; x_wconf 88' lang='lat' dir='ltr'><strong>abstinuit.</strong></span> <span class='ocrx_word' id='word_1_84' title='bbox 251 1172 339 1234; x_wconf 87' lang='lat' dir='ltr'><strong>Facta</strong></span> <span class='ocrx_word' id='word_1_85' title='bbox 363 1173 477 1233; x_wconf 83' lang='lat' dir='ltr'><strong>tandem</strong></span> <span class='ocrx_word' id='word_1_86' title='bbox 499 1172 621 1232; x_wconf 91' lang='lat' dir='ltr'><strong>abeundi</strong></span> <span class='ocrx_word' id='word_1_87' title='bbox 642 1181 803 1252; x_wconf 87' lang='lat' dir='ltr'><strong>potestate,</strong></span> <span class='ocrx_word' id='word_1_88' title='bbox 824 1173 935 1233; x_wconf 89' lang='lat' dir='ltr'><strong>relictis</strong></span> <span class='ocrx_word' id='word_1_89' title='bbox 955 1174 1064 1234; x_wconf 89' lang='lat' dir='ltr'><strong>Romae</strong></span> 
     </span>
     <span class='ocr_line' id='line_1_12' title="bbox 61 1256 1065 1335; baseline -0.004 -17"><span class='ocrx_word' id='word_1_90' title='bbox 61 1275 156 1318; x_wconf 85' lang='lat' dir='ltr'><strong>uxore</strong></span> <span class='ocrx_word' id='word_1_91' title='bbox 178 1265 208 1316; x_wconf 93' lang='lat' dir='ltr'><strong>et</strong></span> <span class='ocrx_word' id='word_1_92' title='bbox 226 1257 285 1317; x_wconf 89' lang='lat' dir='ltr'><strong>filio</strong></span> <span class='ocrx_word' id='word_1_93' title='bbox 302 1257 454 1317; x_wconf 82' lang='lat' dir='ltr'><strong>confestim</strong></span> <span class='ocrx_word' id='word_1_94' title='bbox 469 1256 577 1317; x_wconf 84' lang='lat' dir='ltr'><strong>Ostiam</strong></span> <span class='ocrx_word' id='word_1_95' title='bbox 592 1256 758 1334; x_wconf 92' lang='lat' dir='ltr'><strong>descendit,</strong></span> <span class='ocrx_word' id='word_1_96' title='bbox 780 1276 818 1317; x_wconf 91' lang='lat' dir='ltr'><strong>ne</strong></span> <span class='ocrx_word' id='word_1_97' title='bbox 837 1257 928 1317; x_wconf 92' lang='lat' dir='ltr'><strong>verbo</strong></span> <span class='ocrx_word' id='word_1_98' title='bbox 950 1257 1065 1335; x_wconf 90' lang='lat' dir='ltr'><strong>quidem</strong></span> 
     </span>
     <span class='ocr_line' id='line_1_13' title="bbox 63 1339 1063 1420; baseline -0.002 -18"><span class='ocrx_word' id='word_1_99' title='bbox 63 1343 196 1420; x_wconf 87' lang='lat' dir='ltr'><strong>cuiquam</strong></span> <span class='ocrx_word' id='word_1_100' title='bbox 219 1343 455 1420; x_wconf 91' lang='lat' dir='ltr'><strong>prosequentium</strong></span> <span class='ocrx_word' id='word_1_101' title='bbox 479 1340 591 1400; x_wconf 89' lang='lat' dir='ltr'><strong>reddito</strong></span> <span class='ocrx_word' id='word_1_102' title='bbox 616 1358 783 1419; x_wconf 88' lang='lat' dir='ltr'><strong>paucosque</strong></span> <span class='ocrx_word' id='word_1_103' title='bbox 807 1341 956 1401; x_wconf 92' lang='lat' dir='ltr'><strong>admodum</strong></span> <span class='ocrx_word' id='word_1_104' title='bbox 977 1343 1005 1400; x_wconf 94' lang='lat' dir='ltr'><strong>in</strong></span> <span class='ocrx_word' id='word_1_105' title='bbox 1023 1339 1063 1400; x_wconf 93' lang='lat' dir='ltr'><strong>di·</strong></span> 
     </span>
     <span class='ocr_line' id='line_1_14' title="bbox 61 1423 1101 1504; baseline -0.005 -20"><span class='ocrx_word' id='word_1_106' title='bbox 61 1443 169 1504; x_wconf 84' lang='lat' dir='ltr'><strong>gressu</strong></span> <span class='ocrx_word' id='word_1_107' title='bbox 189 1424 383 1484; x_wconf 84' lang='lat' dir='ltr'><strong>exosculatus.</strong></span> <span class='ocrx_word' id='word_1_108' title='bbox 411 1424 457 1483; x_wconf 80' lang='lat' dir='ltr'><strong>Ab</strong></span> <span class='ocrx_word' id='word_1_109' title='bbox 474 1423 553 1484; x_wconf 89' lang='lat' dir='ltr'><strong>Ostia</strong></span> <span class='ocrx_word' id='word_1_110' title='bbox 569 1441 648 1484; x_wconf 94' lang='lat' dir='ltr'><strong>oram</strong></span> <span class='ocrx_word' id='word_1_111' title='bbox 666 1423 839 1503; x_wconf 83' lang='lat' dir='ltr'><strong>Campaniae</strong></span> <span class='ocrx_word' id='word_1_112' title='bbox 855 1425 969 1502; x_wconf 90' lang='lat' dir='ltr'><strong>legens,</strong></span> <span class='ocrx_word' id='word_1_113' title='bbox 985 1424 1101 1484; x_wconf 88' lang='lat' dir='ltr'><strong>iube-ll</strong></span> 
     </span>
     <span class='ocr_line' id='line_1_15' title="bbox 14 1499 1126 1587; baseline -0.001 -19"><span class='ocrx_word' id='word_1_114' title='bbox 14 1522 18 1526; x_wconf 87' lang='grc'><em>·</em></span> <span class='ocrx_word' id='word_1_115' title='bbox 62 1508 185 1569; x_wconf 89' lang='lat' dir='ltr'><strong>cillitate</strong></span> <span class='ocrx_word' id='word_1_116' title='bbox 206 1507 331 1585; x_wconf 80' lang='lat' dir='ltr'><strong>Augusti</strong></span> <span class='ocrx_word' id='word_1_117' title='bbox 354 1510 494 1587; x_wconf 90' lang='lat' dir='ltr'><strong>nuntiata,</strong></span> <span class='ocrx_word' id='word_1_118' title='bbox 520 1499 635 1587; x_wconf 82' lang='lat' dir='ltr'><strong>pa&#39;ulum</strong></span> <span class='ocrx_word' id='word_1_119' title='bbox 659 1508 793 1568; x_wconf 90' lang='lat' dir='ltr'><strong>substitit.</strong></span> <span class='ocrx_word' id='word_1_120' title='bbox 837 1509 896 1568; x_wconf 88' lang='lat' dir='ltr'><strong>Sed</strong></span> <span class='ocrx_word' id='word_1_121' title='bbox 916 1508 1063 1568; x_wconf 89' lang='lat' dir='ltr'><strong>increbre·</strong></span> <span class='ocrx_word' id='word_1_122' title='bbox 1124 1535 1126 1538; x_wconf 46' lang='lat'><em>⁴</em></span> 
     </span>
     <span class='ocr_line' id='line_1_16' title="bbox 10 1591 1062 1671; baseline -0.004 -17"><span class='ocrx_word' id='word_1_123' title='bbox 10 1592 52 1654; x_wconf 74' lang='lat' dir='ltr'><strong>‘to</strong></span> <span class='ocrx_word' id='word_1_124' title='bbox 62 1601 165 1652; x_wconf 90' lang='lat' dir='ltr'><strong>scente</strong></span> <span class='ocrx_word' id='word_1_125' title='bbox 180 1608 295 1652; x_wconf 93' lang='lat' dir='ltr'><strong>rumore</strong></span> <span class='ocrx_word' id='word_1_126' title='bbox 309 1592 390 1671; x_wconf 86' lang='lat' dir='ltr'><strong>quasi</strong></span> <span class='ocrx_word' id='word_1_127' title='bbox 404 1591 439 1651; x_wconf 91' lang='lat' dir='ltr'><strong>ad</strong></span> <span class='ocrx_word' id='word_1_128' title='bbox 451 1594 634 1652; x_wconf 90' lang='lat' dir='ltr'><strong>occasionem</strong></span> <span class='ocrx_word' id='word_1_129' title='bbox 653 1593 768 1652; x_wconf 90' lang='lat' dir='ltr'><strong>maioris</strong></span> <span class='ocrx_word' id='word_1_130' title='bbox 787 1594 852 1671; x_wconf 92' lang='lat' dir='ltr'><strong>spei</strong></span> <span class='ocrx_word' id='word_1_131' title='bbox 871 1609 1062 1652; x_wconf 88' lang='lat' dir='ltr'><strong>commorare-</strong></span> 
     </span>
     <span class='ocr_line' id='line_1_17' title="bbox 60 1675 1063 1754; baseline -0.003 -18"><span class='ocrx_word' id='word_1_132' title='bbox 60 1686 125 1753; x_wconf 88' lang='lat' dir='ltr'><strong>tur,</strong></span> <span class='ocrx_word' id='word_1_133' title='bbox 146 1684 253 1735; x_wconf 90' lang='lat' dir='ltr'><strong>tantum</strong></span> <span class='ocrx_word' id='word_1_134' title='bbox 275 1692 332 1734; x_wconf 90' lang='lat' dir='ltr'><strong>non</strong></span> <span class='ocrx_word' id='word_1_135' title='bbox 352 1675 481 1736; x_wconf 88' lang='lat' dir='ltr'><strong>adversis</strong></span> <span class='ocrx_word' id='word_1_136' title='bbox 505 1676 722 1754; x_wconf 88' lang='lat' dir='ltr'><strong>tempestatibus</strong></span> <span class='ocrx_word' id='word_1_137' title='bbox 736 1675 867 1736; x_wconf 87' lang='lat' dir='ltr'><strong>Rhodum</strong></span> <span class='ocrx_word' id='word_1_138' title='bbox 891 1677 1063 1753; x_wconf 81' lang='lat' dir='ltr'><strong>enavigavit,</strong></span> 
     </span>
     <span class='ocr_line' id='line_1_18' title="bbox 10 1759 1064 1839; baseline -0.004 -19"><span class='ocrx_word' id='word_1_139' title='bbox 10 1772 24 1833; x_wconf 57' lang='grc' dir='ltr'>ᾗ</span> <span class='ocrx_word' id='word_1_140' title='bbox 60 1760 236 1820; x_wconf 89' lang='lat' dir='ltr'><strong>amoenitate</strong></span> <span class='ocrx_word' id='word_1_141' title='bbox 254 1768 283 1818; x_wconf 90' lang='lat' dir='ltr'><strong>et</strong></span> <span class='ocrx_word' id='word_1_142' title='bbox 299 1759 467 1819; x_wconf 89' lang='lat' dir='ltr'><strong>salubritate</strong></span> <span class='ocrx_word' id='word_1_143' title='bbox 482 1760 591 1819; x_wconf 90' lang='lat' dir='ltr'><strong>insulae</strong></span> <span class='ocrx_word' id='word_1_144' title='bbox 606 1762 660 1819; x_wconf 91' lang='lat' dir='ltr'><strong>iam</strong></span> <span class='ocrx_word' id='word_1_145' title='bbox 675 1759 741 1819; x_wconf 92' lang='lat' dir='ltr'><strong>inde</strong></span> <span class='ocrx_word' id='word_1_146' title='bbox 753 1769 854 1839; x_wconf 90' lang='lat' dir='ltr'><strong>captus</strong></span> <span class='ocrx_word' id='word_1_147' title='bbox 870 1778 933 1819; x_wconf 91' lang='lat' dir='ltr'><strong>cum</strong></span> <span class='ocrx_word' id='word_1_148' title='bbox 950 1759 985 1819; x_wconf 94' lang='lat' dir='ltr'><strong>ad</strong></span> <span class='ocrx_word' id='word_1_149' title='bbox 1001 1776 1064 1818; x_wconf 91' lang='lat' dir='ltr'><strong>eam</strong></span> 
     </span>
     <span class='ocr_line' id='line_1_19' title="bbox 62 1841 1063 1922; baseline -0.003 -20"><span class='ocrx_word' id='word_1_150' title='bbox 62 1843 99 1903; x_wconf 88' lang='lat' dir='ltr'><strong>ab</strong></span> <span class='ocrx_word' id='word_1_151' title='bbox 111 1841 248 1903; x_wconf 80' lang='lat' dir='ltr'><strong>Armenia</strong></span> <span class='ocrx_word' id='word_1_152' title='bbox 261 1841 377 1902; x_wconf 90' lang='lat' dir='ltr'><strong>rediens</strong></span> <span class='ocrx_word' id='word_1_153' title='bbox 390 1843 559 1922; x_wconf 91' lang='lat' dir='ltr'><strong>appulisset.</strong></span> <span class='ocrx_word' id='word_1_154' title='bbox 578 1842 631 1902; x_wconf 91' lang='lat' dir='ltr'><strong>Hic</strong></span> <span class='ocrx_word' id='word_1_155' title='bbox 643 1843 762 1903; x_wconf 90' lang='lat' dir='ltr'><strong>modicis</strong></span> <span class='ocrx_word' id='word_1_156' title='bbox 778 1851 929 1903; x_wconf 90' lang='lat' dir='ltr'><strong>contentus</strong></span> <span class='ocrx_word' id='word_1_157' title='bbox 945 1842 1063 1902; x_wconf 86' lang='lat' dir='ltr'><strong>aedibus</strong></span> 
     </span>
     <span class='ocr_line' id='line_1_20' title="bbox 14 1925 1063 2004; baseline -0.005 -18"><span class='ocrx_word' id='word_1_158' title='bbox 14 1926 23 1937; x_wconf 61' lang='lat'>²</span> <span class='ocrx_word' id='word_1_159' title='bbox 61 1945 119 1987; x_wconf 89' lang='lat' dir='ltr'><strong>nec</strong></span> <span class='ocrx_word' id='word_1_160' title='bbox 134 1926 222 1985; x_wconf 89' lang='lat' dir='ltr'><strong>multo</strong></span> <span class='ocrx_word' id='word_1_161' title='bbox 237 1925 349 1986; x_wconf 83' lang='lat' dir='ltr'><strong>laxiore</strong></span> <span class='ocrx_word' id='word_1_162' title='bbox 366 1925 539 2004; x_wconf 88' lang='lat' dir='ltr'><strong>suburbano,</strong></span> <span class='ocrx_word' id='word_1_163' title='bbox 556 1945 649 2004; x_wconf 89' lang='lat' dir='ltr'><strong>genus</strong></span> <span class='ocrx_word' id='word_1_164' title='bbox 664 1929 740 1986; x_wconf 82' lang='lat' dir='ltr'><strong>vitae</strong></span> <span class='ocrx_word' id='word_1_165' title='bbox 759 1927 844 1986; x_wconf 94' lang='lat' dir='ltr'><strong>civile</strong></span> <span class='ocrx_word' id='word_1_166' title='bbox 859 1925 1007 1986; x_wconf 92' lang='lat' dir='ltr'><strong>admodum</strong></span> <span class='ocrx_word' id='word_1_167' title='bbox 1024 1928 1063 1982; x_wconf 90' lang='lat' dir='ltr'><strong>in-</strong></span> 
     </span>
     <span class='ocr_line' id='line_1_21' title="bbox 10 1992 1063 2087; baseline -0.005 -17"><span class='ocrx_word' id='word_1_168' title='bbox 10 1992 164 2086; x_wconf 60' lang='lat' dir='ltr'><strong>&#39;aostituit</strong></span> <span class='ocrx_word' id='word_1_169' title='bbox 178 2011 239 2069; x_wconf 93' lang='lat' dir='ltr'><strong>siue</strong></span> <span class='ocrx_word' id='word_1_170' title='bbox 255 2009 360 2069; x_wconf 90' lang='lat' dir='ltr'><strong>liotore</strong></span> <span class='ocrx_word' id='word_1_171' title='bbox 376 2019 424 2069; x_wconf 89' lang='lat' dir='ltr'><strong>aut</strong></span> <span class='ocrx_word' id='word_1_172' title='bbox 434 2012 544 2069; x_wconf 91' lang='lat' dir='ltr'><strong>viatore</strong></span> <span class='ocrx_word' id='word_1_173' title='bbox 555 2012 702 2087; x_wconf 79' lang='lat' dir='ltr'><strong>gymnasio</strong></span> <span class='ocrx_word' id='word_1_174' title='bbox 714 2009 854 2069; x_wconf 91' lang='lat' dir='ltr'><strong>interdum</strong></span> <span class='ocrx_word' id='word_1_175' title='bbox 866 2008 1063 2082; x_wconf 89' lang='lat' dir='ltr'><strong>obambulans,</strong></span> 
     </span>
     <span class='ocr_line' id='line_1_22' title="bbox 10 2092 1015 2171; baseline -0.005 -18"><span class='ocrx_word' id='word_1_176' title='bbox 10 2092 19 2131; x_wconf 64' lang='lat'>³</span> <span class='ocrx_word' id='word_1_177' title='bbox 60 2101 216 2171; x_wconf 90' lang='lat' dir='ltr'><strong>mutuaque</strong></span> <span class='ocrx_word' id='word_1_178' title='bbox 232 2111 295 2152; x_wconf 94' lang='lat' dir='ltr'><strong>cum</strong></span> <span class='ocrx_word' id='word_1_179' title='bbox 312 2093 463 2153; x_wconf 86' lang='lat' dir='ltr'><strong>Graeculis</strong></span> <span class='ocrx_word' id='word_1_180' title='bbox 479 2093 576 2153; x_wconf 87' lang='lat' dir='ltr'><strong>ollrcia</strong></span> <span class='ocrx_word' id='word_1_181' title='bbox 590 2110 731 2171; x_wconf 87' lang='lat' dir='ltr'><strong>usurpans</strong></span> <span class='ocrx_word' id='word_1_182' title='bbox 747 2111 841 2171; x_wconf 89' lang='lat' dir='ltr'><strong>prope</strong></span> <span class='ocrx_word' id='word_1_183' title='bbox 858 2111 896 2152; x_wconf 84' lang='lat' dir='ltr'><strong>ex</strong></span> <span class='ocrx_word' id='word_1_184' title='bbox 912 2109 1015 2170; x_wconf 90' lang='lat' dir='ltr'><strong>aequo.</strong></span> 
     </span>
     <span class='ocr_line' id='line_1_23' title="bbox 10 2173 1062 2255; baseline -0.003 -19"><span class='ocrx_word' id='word_1_185' title='bbox 10 2178 27 2215; x_wconf 79' lang='lat'><strong>&#39;-</strong></span> <span class='ocrx_word' id='word_1_186' title='bbox 125 2175 214 2236; x_wconf 86' lang='lat' dir='ltr'><strong>Forte</strong></span> <span class='ocrx_word' id='word_1_187' title='bbox 226 2176 368 2255; x_wconf 89' lang='lat' dir='ltr'><strong>quondam</strong></span> <span class='ocrx_word' id='word_1_188' title='bbox 384 2178 412 2236; x_wconf 92' lang='lat' dir='ltr'><strong>in</strong></span> <span class='ocrx_word' id='word_1_189' title='bbox 427 2176 605 2255; x_wconf 87' lang='lat' dir='ltr'><strong>disponendo</strong></span> <span class='ocrx_word' id='word_1_190' title='bbox 621 2176 666 2235; x_wconf 87' lang='lat' dir='ltr'><strong>die</strong></span> <span class='ocrx_word' id='word_1_191' title='bbox 677 2194 759 2235; x_wconf 89' lang='lat' dir='ltr'><strong>mane</strong></span> <span class='ocrx_word' id='word_1_192' title='bbox 775 2176 970 2255; x_wconf 83' lang='lat' dir='ltr'><strong>praedixerat,</strong></span> <span class='ocrx_word' id='word_1_193' title='bbox 983 2173 1062 2252; x_wconf 93' lang='lat' dir='ltr'><strong>quid·</strong></span> 
     </span>
     <span class='ocr_line' id='line_1_24' title="bbox 10 2259 1059 2342; baseline -0.004 -22"><span class='ocrx_word' id='word_1_194' title='bbox 10 2288 27 2299; x_wconf 83' lang='lat'><em>-</em></span> <span class='ocrx_word' id='word_1_195' title='bbox 61 2260 130 2342; x_wconf 91' lang='lat' dir='ltr'><strong>quid</strong></span> <span class='ocrx_word' id='word_1_196' title='bbox 143 2277 299 2337; x_wconf 85' lang='lat' dir='ltr'><strong>aegrorum</strong></span> <span class='ocrx_word' id='word_1_197' title='bbox 316 2262 344 2319; x_wconf 91' lang='lat' dir='ltr'><strong>in</strong></span> <span class='ocrx_word' id='word_1_198' title='bbox 361 2262 476 2320; x_wconf 87' lang='lat' dir='ltr'><strong>civitate</strong></span> <span class='ocrx_word' id='word_1_199' title='bbox 492 2270 571 2320; x_wconf 89' lang='lat' dir='ltr'><strong>esset</strong></span> <span class='ocrx_word' id='word_1_200' title='bbox 586 2261 703 2319; x_wconf 88' lang='lat' dir='ltr'><strong>visitare</strong></span> <span class='ocrx_word' id='word_1_201' title='bbox 723 2277 755 2318; x_wconf 90' lang='lat' dir='ltr'><strong>se</strong></span> <span class='ocrx_word' id='word_1_202' title='bbox 771 2259 863 2328; x_wconf 90' lang='lat' dir='ltr'><strong>velle;</strong></span> <span class='ocrx_word' id='word_1_203' title='bbox 886 2260 914 2320; x_wconf 93' lang='lat' dir='ltr'><strong>id</strong></span> <span class='ocrx_word' id='word_1_204' title='bbox 930 2277 946 2318; x_wconf 93' lang='lat' dir='ltr'><strong>a</strong></span> <span class='ocrx_word' id='word_1_205' title='bbox 962 2259 1059 2337; x_wconf 85' lang='lat' dir='ltr'><strong>proxi·</strong></span> 
     </span>
     <span class='ocr_line' id='line_1_25' title="bbox 10 2343 1060 2422; baseline -0.006 -17"><span class='ocrx_word' id='word_1_206' title='bbox 10 2344 27 2419; x_wconf 48' lang='grc' dir='ltr'><strong>,Β</strong></span> <span class='ocrx_word' id='word_1_207' title='bbox 61 2347 116 2405; x_wconf 88' lang='lat' dir='ltr'><strong>mis</strong></span> <span class='ocrx_word' id='word_1_208' title='bbox 138 2343 221 2403; x_wconf 90' lang='lat' dir='ltr'><strong>aliter</strong></span> <span class='ocrx_word' id='word_1_209' title='bbox 236 2353 397 2422; x_wconf 83' lang='lat' dir='ltr'><strong>exceptum,</strong></span> <span class='ocrx_word' id='word_1_210' title='bbox 413 2345 538 2422; x_wconf 90' lang='lat' dir='ltr'><strong>iussique</strong></span> <span class='ocrx_word' id='word_1_211' title='bbox 558 2352 623 2403; x_wconf 93' lang='lat' dir='ltr'><strong>sunt</strong></span> <span class='ocrx_word' id='word_1_212' title='bbox 643 2361 742 2403; x_wconf 87' lang='lat' dir='ltr'><strong>omnes</strong></span> <span class='ocrx_word' id='word_1_213' title='bbox 762 2345 844 2419; x_wconf 86' lang='lat' dir='ltr'><strong>aegri</strong></span> <span class='ocrx_word' id='word_1_214' title='bbox 867 2345 895 2402; x_wconf 93' lang='lat' dir='ltr'><strong>in</strong></span> <span class='ocrx_word' id='word_1_215' title='bbox 917 2343 1060 2422; x_wconf 90' lang='lat' dir='ltr'><strong>publicam</strong></span> 
     </span>
     <span class='ocr_line' id='line_1_26' title="bbox 10 2400 1060 2510; baseline -0.006 -21"><span class='ocrx_word' id='word_1_216' title='bbox 10 2400 206 2510; x_wconf 38' lang='lat' dir='ltr'><strong>&amp;porticum</strong></span> <span class='ocrx_word' id='word_1_217' title='bbox 221 2428 329 2488; x_wconf 89' lang='lat' dir='ltr'><strong>delemi</strong></span> <span class='ocrx_word' id='word_1_218' title='bbox 347 2446 381 2488; x_wconf 89' lang='lat' dir='ltr'><strong>ac</strong></span> <span class='ocrx_word' id='word_1_219' title='bbox 397 2446 450 2506; x_wconf 90' lang='lat' dir='ltr'><strong>per</strong></span> <span class='ocrx_word' id='word_1_220' title='bbox 466 2427 648 2487; x_wconf 91' lang='lat' dir='ltr'><strong>valitudinum</strong></span> <span class='ocrx_word' id='word_1_221' title='bbox 663 2445 771 2504; x_wconf 88' lang='lat' dir='ltr'><strong>genera</strong></span> <span class='ocrx_word' id='word_1_222' title='bbox 786 2427 908 2506; x_wconf 88' lang='lat' dir='ltr'><strong>disponi.</strong></span> <span class='ocrx_word' id='word_1_223' title='bbox 944 2424 1060 2487; x_wconf 90' lang='lat' dir='ltr'><strong>Percul-</strong></span> 
     </span>
     <span class='ocr_line' id='line_1_27' title="bbox 61 2509 1061 2590; baseline -0.005 -17.243"><span class='ocrx_word' id='word_1_224' title='bbox 61 2530 111 2573; x_wconf 88' lang='lat' dir='ltr'><strong>sus</strong></span> <span class='ocrx_word' id='word_1_225' title='bbox 131 2528 204 2588; x_wconf 83' lang='lat' dir='ltr'><strong>ergo</strong></span> <span class='ocrx_word' id='word_1_226' title='bbox 227 2513 374 2590; x_wconf 90' lang='lat' dir='ltr'><strong>inopinata</strong></span> <span class='ocrx_word' id='word_1_227' title='bbox 396 2530 429 2570; x_wconf 89' lang='lat' dir='ltr'><strong>re</strong></span> <span class='ocrx_word' id='word_1_228' title='bbox 450 2510 553 2589; x_wconf 87' lang='lat' dir='ltr'><strong>diuque</strong></span> <span class='ocrx_word' id='word_1_229' title='bbox 571 2511 638 2590; x_wconf 93' lang='lat' dir='ltr'><strong>quid</strong></span> <span class='ocrx_word' id='word_1_230' title='bbox 656 2520 759 2588; x_wconf 89' lang='lat' dir='ltr'><strong>ageret</strong></span> <span class='ocrx_word' id='word_1_231' title='bbox 778 2513 923 2588; x_wconf 91' lang='lat' dir='ltr'><strong>incertus,</strong></span> <span class='ocrx_word' id='word_1_232' title='bbox 948 2509 1061 2571; x_wconf 88' lang='lat' dir='ltr'><strong>tandem</strong></span> 
     </span>
     <span class='ocr_line' id='line_1_28' title="bbox 10 2594 1063 2673; baseline -0.006 -16"><span class='ocrx_word' id='word_1_233' title='bbox 10 2594 29 2633; x_wconf 58' lang='grc' dir='ltr'><em>ἕ</em></span> <span class='ocrx_word' id='word_1_234' title='bbox 62 2594 194 2672; x_wconf 82' lang='lat' dir='ltr'><strong>singulos</strong></span> <span class='ocrx_word' id='word_1_235' title='bbox 211 2597 326 2671; x_wconf 89' lang='lat' dir='ltr'><strong>circuit,</strong></span> <span class='ocrx_word' id='word_1_236' title='bbox 348 2613 491 2654; x_wconf 85' lang='lat' dir='ltr'><strong>excusans</strong></span> <span class='ocrx_word' id='word_1_237' title='bbox 506 2596 611 2654; x_wconf 91' lang='lat' dir='ltr'><strong>lactum</strong></span> <span class='ocrx_word' id='word_1_238' title='bbox 628 2597 713 2654; x_wconf 87' lang='lat' dir='ltr'><strong>etiam</strong></span> <span class='ocrx_word' id='word_1_239' title='bbox 732 2597 896 2655; x_wconf 91' lang='lat' dir='ltr'><strong>tenuissimo</strong></span> <span class='ocrx_word' id='word_1_240' title='bbox 914 2597 1016 2673; x_wconf 89' lang='lat' dir='ltr'><strong>cuique</strong></span> <span class='ocrx_word' id='word_1_241' title='bbox 1034 2602 1063 2652; x_wconf 91' lang='lat' dir='ltr'><strong>et</strong></span> 
     </span>
     <span class='ocr_line' id='line_1_29' title="bbox 10 2678 1063 2758; baseline -0.006 -18"><span class='ocrx_word' id='word_1_242' title='bbox 10 2678 26 2717; x_wconf 70' lang='lat'>²</span> <span class='ocrx_word' id='word_1_243' title='bbox 61 2682 174 2758; x_wconf 86' lang='lat' dir='ltr'><strong>ignoto.</strong></span> <span class='ocrx_word' id='word_1_244' title='bbox 217 2679 310 2739; x_wconf 88' lang='lat' dir='ltr'><strong>Unum</strong></span> <span class='ocrx_word' id='word_1_245' title='bbox 324 2678 381 2738; x_wconf 89' lang='lat' dir='ltr'><strong>hoc</strong></span> <span class='ocrx_word' id='word_1_246' title='bbox 396 2678 481 2738; x_wconf 92' lang='lat' dir='ltr'><strong>modo</strong></span> <span class='ocrx_word' id='word_1_247' title='bbox 497 2696 591 2757; x_wconf 90' lang='lat' dir='ltr'><strong>neque</strong></span> <span class='ocrx_word' id='word_1_248' title='bbox 606 2688 758 2758; x_wconf 90' lang='lat' dir='ltr'><strong>praeterea</strong></span> <span class='ocrx_word' id='word_1_249' title='bbox 774 2681 924 2757; x_wconf 91' lang='lat' dir='ltr'><strong>quicquam</strong></span> <span class='ocrx_word' id='word_1_250' title='bbox 938 2686 1063 2736; x_wconf 92' lang='lat' dir='ltr'><strong>notatum</strong></span> 
     </span>
     <span class='ocr_line' id='line_1_30' title="bbox 64 2760 1063 2841; baseline -0.007 -17"><span class='ocrx_word' id='word_1_251' title='bbox 64 2771 121 2840; x_wconf 92' lang='lat' dir='ltr'><strong>cst,</strong></span> <span class='ocrx_word' id='word_1_252' title='bbox 137 2764 166 2821; x_wconf 90' lang='lat' dir='ltr'><strong>in</strong></span> <span class='ocrx_word' id='word_1_253' title='bbox 182 2779 238 2841; x_wconf 90' lang='lat' dir='ltr'><strong>quo</strong></span> <span class='ocrx_word' id='word_1_254' title='bbox 256 2765 422 2823; x_wconf 84' lang='lat' dir='ltr'><strong>exseruisse</strong></span> <span class='ocrx_word' id='word_1_255' title='bbox 438 2764 482 2821; x_wconf 89' lang='lat' dir='ltr'><strong>ius</strong></span> <span class='ocrx_word' id='word_1_256' title='bbox 496 2760 664 2822; x_wconf 87' lang='lat' dir='ltr'><strong>tribuniciae</strong></span> <span class='ocrx_word' id='word_1_257' title='bbox 676 2765 828 2841; x_wconf 88' lang='lat' dir='ltr'><strong>potestatis</strong></span> <span class='ocrx_word' id='word_1_258' title='bbox 841 2764 919 2821; x_wconf 90' lang='lat' dir='ltr'><strong>visus</strong></span> <span class='ocrx_word' id='word_1_259' title='bbox 932 2763 983 2821; x_wconf 89' lang='lat' dir='ltr'><strong>sit:</strong></span> <span class='ocrx_word' id='word_1_260' title='bbox 1001 2777 1063 2818; x_wconf 92' lang='lat' dir='ltr'><strong>cum</strong></span> 
     </span>
     <span class='ocr_line' id='line_1_31' title="bbox 10 2826 1063 2924; baseline -0.005 -16"><span class='ocrx_word' id='word_1_261' title='bbox 10 2826 144 2908; x_wconf 46' lang='lat' dir='ltr'><strong>*tcirca</strong></span> <span class='ocrx_word' id='word_1_262' title='bbox 167 2845 283 2906; x_wconf 88' lang='lat' dir='ltr'><strong>scholas</strong></span> <span class='ocrx_word' id='word_1_263' title='bbox 299 2855 328 2905; x_wconf 91' lang='lat' dir='ltr'><strong>et</strong></span> <span class='ocrx_word' id='word_1_264' title='bbox 345 2845 483 2906; x_wconf 90' lang='lat' dir='ltr'><strong>auditoria</strong></span> <span class='ocrx_word' id='word_1_265' title='bbox 507 2847 704 2924; x_wconf 82' lang='lat' dir='ltr'><strong>professorum</strong></span> <span class='ocrx_word' id='word_1_266' title='bbox 724 2846 853 2905; x_wconf 90' lang='lat' dir='ltr'><strong>assiduus</strong></span> <span class='ocrx_word' id='word_1_267' title='bbox 870 2853 961 2920; x_wconf 91' lang='lat' dir='ltr'><strong>esset,</strong></span> <span class='ocrx_word' id='word_1_268' title='bbox 984 2852 1063 2903; x_wconf 93' lang='lat' dir='ltr'><strong>moto</strong></span> 
     </span>
     <span class='ocr_line' id='line_1_32' title="bbox 10 2928 1137 3009; baseline -0.006 -18"><span class='ocrx_word' id='word_1_269' title='bbox 10 2928 25 3005; x_wconf 54' lang='grc' dir='ltr'><strong>ἒ</strong></span> <span class='ocrx_word' id='word_1_270' title='bbox 63 2933 138 2991; x_wconf 89' lang='lat' dir='ltr'><strong>inter</strong></span> <span class='ocrx_word' id='word_1_271' title='bbox 155 2929 360 3009; x_wconf 88' lang='lat' dir='ltr'><strong>antisophistas</strong></span> <span class='ocrx_word' id='word_1_272' title='bbox 376 2931 512 3007; x_wconf 90' lang='lat' dir='ltr'><strong>graviore</strong></span> <span class='ocrx_word' id='word_1_273' title='bbox 528 2931 635 3007; x_wconf 91' lang='lat' dir='ltr'><strong>iurgio,</strong></span> <span class='ocrx_word' id='word_1_274' title='bbox 652 2947 710 2989; x_wconf 94' lang='lat' dir='ltr'><strong>non</strong></span> <span class='ocrx_word' id='word_1_275' title='bbox 726 2929 815 2989; x_wconf 86' lang='lat' dir='ltr'><strong>deluit</strong></span> <span class='ocrx_word' id='word_1_276' title='bbox 832 2931 879 3007; x_wconf 92' lang='lat' dir='ltr'><strong>qui</strong></span> <span class='ocrx_word' id='word_1_277' title='bbox 897 2946 961 2987; x_wconf 89' lang='lat' dir='ltr'><strong>eum</strong></span> <span class='ocrx_word' id='word_1_278' title='bbox 976 2929 1063 2986; x_wconf 89' lang='lat' dir='ltr'><strong>inter·</strong></span> <span class='ocrx_word' id='word_1_279' title='bbox 1130 2947 1137 2955; x_wconf 94' lang='lat'>·</span> 
     </span>
     <span class='ocr_line' id='line_1_33' title="bbox 10 3011 1063 3092; baseline -0.003 -21"><span class='ocrx_word' id='word_1_280' title='bbox 10 3011 31 3071; x_wconf 62' lang='lat' dir='ltr'><strong>b</strong></span> <span class='ocrx_word' id='word_1_281' title='bbox 63 3014 228 3074; x_wconf 80' lang='lat' dir='ltr'><strong>venientem</strong></span> <span class='ocrx_word' id='word_1_282' title='bbox 244 3023 273 3073; x_wconf 91' lang='lat' dir='ltr'><strong>et</strong></span> <span class='ocrx_word' id='word_1_283' title='bbox 284 3014 365 3092; x_wconf 91' lang='lat' dir='ltr'><strong>quasi</strong></span> <span class='ocrx_word' id='word_1_284' title='bbox 381 3013 582 3073; x_wconf 90' lang='lat' dir='ltr'><strong>studiosiorem</strong></span> <span class='ocrx_word' id='word_1_285' title='bbox 593 3015 683 3092; x_wconf 86' lang='lat' dir='ltr'><strong>partis</strong></span> <span class='ocrx_word' id='word_1_286' title='bbox 698 3013 814 3072; x_wconf 91' lang='lat' dir='ltr'><strong>alterius</strong></span> <span class='ocrx_word' id='word_1_287' title='bbox 829 3013 955 3071; x_wconf 86' lang='lat' dir='ltr'><strong>convitio</strong></span> <span class='ocrx_word' id='word_1_288' title='bbox 970 3011 1063 3069; x_wconf 89' lang='lat' dir='ltr'><strong>inces-</strong></span> 
     </span>
     <span class='ocr_line' id='line_1_34' title="bbox 10 3096 1062 3176; baseline -0.007 -17"><span class='ocrx_word' id='word_1_289' title='bbox 10 3096 23 3135; x_wconf 75' lang='lat'><strong>*2</strong></span> <span class='ocrx_word' id='word_1_290' title='bbox 64 3105 154 3158; x_wconf 89' lang='lat' dir='ltr'><strong>seret.</strong></span> <span class='ocrx_word' id='word_1_291' title='bbox 189 3097 301 3157; x_wconf 87' lang='lat' dir='ltr'><strong>Sensim</strong></span> <span class='ocrx_word' id='word_1_292' title='bbox 322 3099 418 3176; x_wconf 91' lang='lat' dir='ltr'><strong>itaque</strong></span> <span class='ocrx_word' id='word_1_293' title='bbox 433 3115 586 3174; x_wconf 88' lang='lat' dir='ltr'><strong>regressus</strong></span> <span class='ocrx_word' id='word_1_294' title='bbox 607 3097 735 3173; x_wconf 94' lang='lat' dir='ltr'><strong>domum,</strong></span> <span class='ocrx_word' id='word_1_295' title='bbox 757 3104 878 3174; x_wconf 87' lang='lat' dir='ltr'><strong>repente</strong></span> <span class='ocrx_word' id='word_1_296' title='bbox 895 3112 958 3153; x_wconf 93' lang='lat' dir='ltr'><strong>cum</strong></span> <span class='ocrx_word' id='word_1_297' title='bbox 975 3112 1062 3173; x_wconf 89' lang='lat' dir='ltr'><strong>appa·</strong></span> 
     </span>
     <span class='ocr_line' id='line_1_35' title="bbox 10 3159 1062 3260; baseline -0.006 -18"><span class='ocrx_word' id='word_1_298' title='bbox 10 3159 30 3219; x_wconf 61' lang='grc' dir='ltr'>Ε</span> <span class='ocrx_word' id='word_1_299' title='bbox 64 3180 203 3242; x_wconf 83' lang='lat' dir='ltr'><strong>nitoribus</strong></span> <span class='ocrx_word' id='word_1_300' title='bbox 218 3181 324 3260; x_wconf 92' lang='lat' dir='ltr'><strong>prodiit</strong></span> <span class='ocrx_word' id='word_1_301' title='bbox 339 3183 511 3259; x_wconf 89' lang='lat' dir='ltr'><strong>citatumque</strong></span> <span class='ocrx_word' id='word_1_302' title='bbox 522 3199 576 3258; x_wconf 92' lang='lat' dir='ltr'><strong>pro</strong></span> <span class='ocrx_word' id='word_1_303' title='bbox 588 3179 721 3240; x_wconf 87' lang='lat' dir='ltr'><strong>tribunali</strong></span> <span class='ocrx_word' id='word_1_304' title='bbox 735 3197 809 3239; x_wconf 88' lang='lat' dir='ltr'><strong>voce</strong></span> <span class='ocrx_word' id='word_1_305' title='bbox 825 3179 980 3257; x_wconf 89' lang='lat' dir='ltr'><strong>praeconis</strong></span> <span class='ocrx_word' id='word_1_306' title='bbox 996 3195 1062 3237; x_wconf 89' lang='lat' dir='ltr'><strong>con·</strong></span> 
     </span>
     <span class='ocr_line' id='line_1_36' title="bbox 10 3226 617 3344; baseline 0 -23"><span class='ocrx_word' id='word_1_307' title='bbox 10 3226 56 3321; x_wconf 46' lang='grc' dir='ltr'>ὰ</span> <span class='ocrx_word' id='word_1_308' title='bbox 66 3266 228 3326; x_wconf 79' lang='lat' dir='ltr'><strong>vitiatorem</strong></span> <span class='ocrx_word' id='word_1_309' title='bbox 243 3267 306 3344; x_wconf 90' lang='lat' dir='ltr'><strong>rapi</strong></span> <span class='ocrx_word' id='word_1_310' title='bbox 321 3265 401 3324; x_wconf 90' lang='lat' dir='ltr'><strong>iussit</strong></span> <span class='ocrx_word' id='word_1_311' title='bbox 416 3266 444 3323; x_wconf 92' lang='lat' dir='ltr'><strong>in</strong></span> <span class='ocrx_word' id='word_1_312' title='bbox 460 3283 617 3324; x_wconf 86' lang='lat' dir='ltr'><strong>carcerem.</strong></span> 
     </span>
     <span class='ocr_line' id='line_1_37' title="bbox 10 3344 1059 3428; baseline -0.005 -19"><span class='ocrx_word' id='word_1_313' title='bbox 10 3347 18 3386; x_wconf 61' lang='grc' dir='ltr'>Ἰ</span> <span class='ocrx_word' id='word_1_314' title='bbox 128 3346 278 3428; x_wconf 80' lang='lat' dir='ltr'><strong>Comperit</strong></span> <span class='ocrx_word' id='word_1_315' title='bbox 297 3348 400 3408; x_wconf 92' lang='lat' dir='ltr'><strong>deinde</strong></span> <span class='ocrx_word' id='word_1_316' title='bbox 415 3348 514 3408; x_wconf 90' lang='lat' dir='ltr'><strong>luliam</strong></span> <span class='ocrx_word' id='word_1_317' title='bbox 534 3365 654 3407; x_wconf 85' lang='lat' dir='ltr'><strong>uxorem</strong></span> <span class='ocrx_word' id='word_1_318' title='bbox 676 3346 713 3406; x_wconf 95' lang='lat' dir='ltr'><strong>ob</strong></span> <span class='ocrx_word' id='word_1_319' title='bbox 731 3345 863 3405; x_wconf 91' lang='lat' dir='ltr'><strong>libidines</strong></span> <span class='ocrx_word' id='word_1_320' title='bbox 879 3354 964 3424; x_wconf 88' lang='lat' dir='ltr'><strong>atque</strong></span> <span class='ocrx_word' id='word_1_321' title='bbox 985 3344 1059 3405; x_wconf 90' lang='lat' dir='ltr'><strong>adul-</strong></span> 
     </span>
     <span class='ocr_line' id='line_1_38' title="bbox 10 3421 1054 3511; baseline -0.009 -19"><span class='ocrx_word' id='word_1_322' title='bbox 10 3421 24 3469; x_wconf 56' lang='lat'><em>*</em></span> <span class='ocrx_word' id='word_1_323' title='bbox 65 3433 138 3492; x_wconf 89' lang='lat' dir='ltr'><strong>teria</strong></span> <span class='ocrx_word' id='word_1_324' title='bbox 161 3431 334 3509; x_wconf 87' lang='lat' dir='ltr'><strong>damnatam,</strong></span> <span class='ocrx_word' id='word_1_325' title='bbox 357 3431 564 3511; x_wconf 89' lang='lat' dir='ltr'><strong>repudiumque</strong></span> <span class='ocrx_word' id='word_1_326' title='bbox 584 3433 611 3490; x_wconf 91' lang='lat' dir='ltr'><strong>ei</strong></span> <span class='ocrx_word' id='word_1_327' title='bbox 632 3448 683 3491; x_wconf 94' lang='lat' dir='ltr'><strong>suo</strong></span> <span class='ocrx_word' id='word_1_328' title='bbox 704 3431 817 3490; x_wconf 89' lang='lat' dir='ltr'><strong>nomine</strong></span> <span class='ocrx_word' id='word_1_329' title='bbox 840 3448 878 3490; x_wconf 85' lang='lat' dir='ltr'><strong>ex</strong></span> <span class='ocrx_word' id='word_1_330' title='bbox 894 3431 1054 3490; x_wconf 65' lang='lat' dir='ltr'><strong>auctoritate</strong></span> 
     </span>
     <span class='ocr_line' id='line_1_39' title="bbox 13 3512 1061 3594; baseline -0.004 -20"><span class='ocrx_word' id='word_1_331' title='bbox 13 3513 22 3574; x_wconf 93' lang='lat' dir='ltr'><strong>l</strong></span> <span class='ocrx_word' id='word_1_332' title='bbox 69 3513 189 3593; x_wconf 71' lang='lat' dir='ltr'><strong>Augusti</strong></span> <span class='ocrx_word' id='word_1_333' title='bbox 205 3516 369 3586; x_wconf 73' lang='lat' dir='ltr'><strong>remissum</strong></span> <span class='ocrx_word' id='word_1_334' title='bbox 392 3524 422 3575; x_wconf 93' lang='lat' dir='ltr'><strong>et</strong></span> <span class='ocrx_word' id='word_1_335' title='bbox 437 3533 604 3594; x_wconf 89' lang='lat' dir='ltr'><strong>quamquam</strong></span> <span class='ocrx_word' id='word_1_336' title='bbox 619 3515 711 3575; x_wconf 86' lang='lat' dir='ltr'><strong>laetus</strong></span> <span class='ocrx_word' id='word_1_337' title='bbox 726 3516 839 3594; x_wconf 90' lang='lat' dir='ltr'><strong>nuntio,</strong></span> <span class='ocrx_word' id='word_1_338' title='bbox 860 3523 953 3574; x_wconf 88' lang='lat' dir='ltr'><strong>tamen</strong></span> <span class='ocrx_word' id='word_1_339' title='bbox 973 3512 1061 3572; x_wconf 66' lang='lat' dir='ltr'><strong>ollioir</strong></span> 
     </span>
    </p>
   </div>
   <div class='ocr_carea' id='block_1_3' title="bbox 0 0 1148 3944">
    <p class='ocr_par' dir='ltr' id='par_1_3' title="bbox 0 0 1148 3944">
     <span class='ocr_line' id='line_1_40' title="bbox 0 0 1148 3944; baseline 0 0"><span class='ocrx_word' id='word_1_340' title='bbox 0 0 1148 3944; x_wconf 95' lang='lat' dir='ltr'><strong> </strong></span> 
     </span>
    </p>
   </div>
  </div>
 </body>
</html>
