2286 3944
433 195 537 244 nrvns
559 195 681 244 sumus.
1041 180 1059 244 7

58 348 185 411 Cimbris
200 358 287 428 atque
300 348 452 426 Teutonis,
469 348 538 409 olim
552 348 658 409 aSulla
670 349 802 426 disiecta,
818 349 957 426 restituit,
974 358 1061 427 atque

56 443 86 501 in
108 436 274 499 exercenda
292 435 328 495 de
350 436 451 494 sicana
474 435 644 511 quaestione
674 451 726 493 eos
753 450 870 512 quoque
894 435 1065 494 sicariorum

55 538 178 584 numero
196 519 310 597 habuit,
333 519 382 598 qui
400 518 616 597 proscriptione
635 517 673 577 ob
694 518 786 577 relata
803 519 907 577 civium
918 519 1063 579 Romano-

55 626 119 669 rum
136 606 232 685 capita
255 605 395 684 pecunias
416 620 454 661 ex
470 603 585 662 aerario
609 611 799 681 acceperant,
823 619 994 680 quamquam
1013 622 1062 663 ex-

29 700 165 772 sceptus
180 688 315 750 Cornelis
335 686 462 765 legibus.
495 686 669 747 subornavit
689 687 773 746 etiam
789 687 838 764 qui
854 685 924 746 Caio
940 687 1060 748 Rabirio
1074 703 1106 754 lt

53 773 268 856 perduellionis
290 772 364 833 diem
386 771 513 847 diceret,
537 788 594 849 quo
617 771 776 850 praecipuo
801 768 933 829 adiutore
953 772 1064 849 aliquot

54 869 125 922 ante
139 874 231 919 annos
242 857 311 918 Luci
326 856 469 916 Saturnini
481 853 650 915 seditiosum
662 855 836 914 tribunatum
849 863 967 914 senatus
980 873 1063 915 coer·

55 951 177 1018 encrat,
193 960 228 1002 ac
244 950 323 1002 sorte
338 940 426 1000 iudex
440 940 469 998 in
481 957 561 998 reum
576 939 678 999 ductus
692 948 750 998 tam
767 939 872 1017 cupide
892 940 1063 999 condemna·

54 1029 113 1106 vit,
129 1035 160 1086 ut
174 1025 210 1085 ad
226 1025 365 1104 populum
378 1024 552 1103 provocanti
572 1023 642 1082 nihil
664 1041 759 1102 aeque
776 1041 811 1082 ac
833 1022 936 1083 iudicis
951 1022 1063 1083 acerbi·

21 1127 47 1169 so
56 1121 104 1174 tas
120 1110 271 1190 profuerit.
294 1108 437 1188 Deposita
452 1107 621 1187 provinciae
636 1125 690 1186 spe
702 1108 900 1186 pontificatum
911 1109 1063 1167 maximum
1073 1117 1108 1172 13

10 1192 12 1206 '
55 1197 148 1278 petit,
166 1211 225 1253 non
237 1195 299 1253 sine
316 1193 517 1272 profusissima
532 1191 703 1269 largitione;
727 1193 757 1250 in
775 1210 830 1270 qua
852 1201 991 1271 reputans
1006 1210 1063 1252 ma·

55 1277 235 1359 gnitudinem
259 1280 336 1338 aeris
354 1277 454 1354 alieni,
477 1295 541 1335 cnm
561 1294 644 1335 mane
666 1275 701 1335 ad
721 1277 836 1335 comitia
859 1275 1063 1353 descenderet,

56 1362 242 1444 praedixisse
257 1363 340 1422 matri
356 1361 497 1420 osculanti
508 1361 614 1437 fertur,
631 1359 753 1421 domum
767 1377 802 1420 ae
814 1360 878 1424 uisi
888 1361 1065 1439 pontificem

54 1466 120 1510 nou
133 1464 340 1507 reversurum.
367 1444 464 1524 Atque
482 1445 520 1504 ita
532 1446 749 1522 potentissimos
766 1445 838 1505 duos
854 1447 1063 1524 competitores
1106 1508 1110 1514 ,

23 1531 233 1610 tumultumque
251 1538 281 1590 et
298 1538 392 1589 aetate
415 1538 444 1588 et
466 1527 604 1605 dignitate
620 1529 827 1589 antecedentes
847 1531 1012 1608 superavit,
1034 1538 1064 1588 ut

56 1617 142 1696 plura
158 1617 223 1694 ipse
245 1616 274 1673 in
295 1631 394 1674 eorum
409 1612 541 1673 tribubus
557 1613 693 1690 suffragia
715 1632 800 1692 quam
815 1622 938 1692 uterque
955 1616 984 1672 in
1004 1631 1078 1676 om-.

55 1699 141 1759 nibus
155 1698 262 1758 tulerit.

120 1784 242 1843 Praetor
265 1790 395 1859 creatus,
422 1780 537 1840 detecta
561 1782 759 1842 coniuratione
782 1781 923 1843 Catilinae
945 1791 1058 1842 senatu·
1089 1798 1107 1851 4

56 1850 442 1946 que‘dfildffi'lrl'sbcios
463 1865 601 1925 facinoris
621 1866 746 1926 ultimam
764 1875 908 1926 statuente
925 1884 1061 1944 poenam,

21 1968 46 2009 ao
56 1951 142 2012 solus
157 1951 351 2029 municipatim
370 1948 541 2010 dividendos
554 1950 820 2028 custodiendosque
837 1950 992 2027 publicatis
1010 1950 1062 2008 bo·
1084 1902 1139 2023 [4

55 2038 102 2096 nis
120 2035 242 2094 censuit.
274 2033 347 2108 Quin
363 2043 391 2094 et
408 2042 514 2094 tantum
531 2042 636 2093 metum
652 2035 750 2093 iniecit
774 2034 925 2111 asperiora
941 2033 1062 2093 suaden-

55 2121 151 2196 tibus,
177 2117 332 2178 identidem
352 2126 501 2178 ostentans
523 2126 627 2195 quanta
644 2133 697 2176 eos
719 2118 914 2195 inposterum
935 2135 951 2176 a
974 2116 1062 2196 plebe
1086 2170 1089 2175 .
1116 2110 1139 2167 i*

54 2205 188 2265 Romana
212 2210 343 2263 maneret
357 2201 477 2278 invidia,
495 2211 525 2261 ut
538 2201 688 2261 Decimum
703 2201 831 2260 Silanum
851 2201 1000 2261 consulem
1014 2201 1123 2261 ‹te-..arc

57 2289 203 2365 signatum
229 2303 287 2346 non
309 2287 437 2365 piguerit
457 2287 627 2345 sententiam
649 2304 746 2362 suam,
771 2286 836 2363 quia
852 2294 962 2345 mutare
977 2295 1062 2364 turpe

23 2379 138 2448 cerat,
158 2371 399 2450 interpretatione
418 2370 529 2447 lenire,
551 2370 630 2429 velut
655 2371 774 2448 gravius
796 2378 883 2448 atque
905 2372 969 2449 ipse
998 2388 1062 2429 sen-

58 2457 146 2516 sisset
161 2463 324 2534 exceptam.
344 2452 522 2514 Obtinuisset
533 2454 625 2531 adeo,
640 2453 814 2514 transductis
826 2455 882 2514 iam
898 2455 934 2515 ad
951 2473 984 2515 se
1000 2454 1063 2534 plu·

57 2538 139 2600 ribus
155 2547 185 2598 et
206 2539 235 2597 in
253 2538 297 2598 bis
314 2535 456 2598 Cicerone
474 2539 602 2599 consulis
617 2539 723 2616 fratre,
746 2540 801 2599 nisi
822 2538 968 2599 labantem
986 2539 1062 2599 ordi·
1135 2607 1139 2622 1

57 2642 124 2683 nem
143 2623 343 2682 confirmasset
356 2622 395 2683 bl.
412 2620 531 2682 Catonis
552 2623 655 2683 oratio.
685 2622 732 2682 Ac
750 2642 788 2682 ne
809 2623 853 2683 sic
877 2623 991 2701 quidem
1013 2625 1061 2681 im·
1105 2656 1117 2715 Ι

59 2706 160 2787 pedire
177 2725 239 2766 rem
256 2705 380 2783 destitit,
397 2706 492 2784 quoad
507 2726 606 2767 manus
619 2709 744 2786 equitum
758 2708 969 2783 Romanorum,
988 2724 1062 2784 quae
1077 2709 1114 2759 'aa

24 2803 48 2843 ³0
61 2799 169 2852 armata
186 2789 325 2870 praesidii
349 2808 435 2850 causa
457 2791 674 2870 circumstabat,
696 2792 902 2851 inmoderatius
923 2808 1063 2870 perseve-

57 2876 130 2936 ranti
146 2893 249 2934 necem
268 2876 437 2934 comminata
454 2884 511 2952 est,
534 2877 618 2935 etiam
640 2877 757 2935 strictos
778 2875 894 2952 gladios
913 2893 1005 2952 usque
1026 2890 1063 2932 eo

57 2961 251 3036 intentans,ut
265 2957 414 3018 sedentem
424 2977 479 3018 una
489 2961 613 3037 proximi
624 2959 815 3036 deseruerint,
826 2961 875 3018 vix
888 2959 973 3037 pauci
987 2975 1063 3017 corn·

56 3042 147 3122 plexu
160 3052 290 3122 togaque
309 3041 424 3102 obiecta
437 3046 625 3122 protexerint.
652 3044 733 3103 Tunc
744 3044 831 3122 plane
842 3043 995 3102 deterritus
1005 3059 1063 3101 non

10 3139 12 3155 ’
56 3126 144 3187 modo
161 3127 268 3204 cessit,
292 3125 344 3187 sed
361 3127 432 3186 etin
449 3127 591 3206 reliquum
612 3129 676 3186 anni
693 3136 807 3206 tempus
826 3127 904 3186 curia
919 3126 1062 3186 abstinuit.

23 3220 46 3262 ³⁵
121 3211 217 3272 Primo
233 3218 388 3289 praeturae
409 3209 454 3270 die
471 3211 605 3286 Quintum
617 3209 748 3270 Catulum
771 3210 806 3269 de
827 3211 988 3271 relectione
1006 3210 1059 3271 Ca·
1073 3219 1106 3271 15

56 3292 140 3376 pitoli
156 3294 190 3355 ad
202 3294 431 3374 disquisitionem
443 3296 544 3375 populi
554 3296 688 3371 vocavit,
704 3296 857 3373 rogatione
868 3296 1061 3375 promulgata,

57 3398 114 3460 qna
131 3379 310 3440 curationem
321 3396 383 3440 eam
399 3380 427 3438 in
443 3379 528 3439 alium
539 3379 747 3449 transferebat;
768 3398 867 3439 verum
883 3381 974 3460 impar
989 3381 1062 3458 opti-

55 3465 173 3525 matium
188 3462 416 3547 conspirationi,
434 3480 508 3544 qnos
525 3464 629 3524 relicto
645 3465 740 3525 statim
755 3481 896 3525 novorum
912 3464 1062 3525 consulum
