2256 3930
91 239 202 287 xxvln
433 238 638 287 PRAEFATIO.

93 397 152 454 1155
168 414 256 467 genus
276 398 348 454 baud
372 397 455 453 dubie
470 399 649 453 vehementer
671 402 829 468 corruptum
851 403 913 466 551,
936 414 998 454 cum

93 481 164 538 intra
179 496 282 552 paucas
298 481 427 552 paginas,
444 487 473 536 ut
490 481 617 553 exemplo
635 487 710 549 utar,
734 498 761 551 p.
778 485 840 549 244,
857 483 997 540 23151115

91 571 186 636 sponte
212 565 240 618 r'a
270 563 379 620 cattbos
405 571 433 619 51
456 581 526 635 quae
553 569 704 634 sequuntur
727 580 813 635 usqae
842 564 877 620 ad
907 565 996 626 duass

91 665 118 721 p.
137 653 227 717 249‚5
244 654 272 703 ot
288 665 314 719 p.
332 654 399 717 250,
419 655 445 707 3.
462 653 479 705 4
497 646 601 703 Graeca
620 646 727 712 omnim
749 662 775 718 p.
794 653 857 717 250,
872 653 907 707 32
922 663 996 705 com-

92 731 233 787 mendanti
257 731 376 797 omittat;
411 749 438 804 p.
459 736 526 800 248,
553 736 588 790 34
612 732 685 784 intra
710 730 804 785 urbem
824 730 996 803 interpolet3

92 833 118 888 p.
135 819 201 886 243,
217 820 251 872 24
264 817 292 869 a
307 815 429 876 thermis·
451 832 478 887 p.
494 819 561 884 247,
577 818 611 873 34
629 814 846 869 eremottoribus
863 821 892 869 51
908 816 998 872 triba·

91 913 156 961 aos,·
171 916 198 971 p.
216 905 277 967 248,
291 904 326 958 28
342 904 368 953 51
381 900 507 954 accusati
518 906 543 953 et
557 902 733 952 accusatores
747 899 881 970 scriptum
897 905 996 954 osten-

94 983 150 1039 dat.
194 981 287 1037 Nihilo
314 982 402 1039 minus
428 987 516 1037 tamen
545 997 599 1036 non
625 981 707 1052 plone
732 981 917 1053 spernendum
942 989 996 1053 551,

91 1066 172 1123 immo
206 1081 265 1120 cunr
297 1065 487 1136 antiquissimo
515 1081 566 1137 per
591 1081 622 1119 55
650 1065 811 1122 cohaesisse
839 1065 996 1137 intelliges,

91 1155 236 1221 postquam
257 1149 432 1221 reputaveris
448 1165 502 1204 non
525 1150 606 1204 modo
621 1148 774 1204 Memmiani
789 1149 854 1204 libri
871 1149 995 1222 scriptu-

91 1249 149 1289 ram
173 1249 259 1304 saepe
286 1248 319 1288 eo
346 1233 409 1288 solo
431 1233 604 1302 confirmari,
634 1233 684 1287 sed
707 1233 751 1288 vei
774 1232 938 1288 bicmmiano
968 1242 995 1288 51

92 1428 164 1479 densi
188 1426 338 1476 bibliotheca
361 1425 489 1476 cuiaciani
518 1427 611 1477 55111515
638 1427 737 1477 55115115
761 1428 842 1494 115511
861 1444 940 1479 manu
962 1431 993 1479 ad

91 1496 219 1560 margines
236 1495 352 1544 editionis
371 1495 436 1545 1574
452 1496 585 1561 55555115,
610 1504 637 1545 51
656 1495 815 1546 collationem
832 1512 847 1546 5
865 1496 992 1548 Groslotio

66 1573 67 1576 ’
90 1565 177 1630 Lipsio
195 1564 368 1613 transmissam
389 1573 509 1638 appareat
530 1566 704 1630 conperisse.
741 1567 793 1614 Iam
810 1574 835 1615 et
851 1565 993 1616 Groslotius

91 1632 130 1698 (15
144 1632 282 1682 Burmanni
297 1632 395 1698 sylloge
413 1633 424 1681 1
442 1648 467 1698 5.
488 1630 553 1695 358)
567 1633 735 1698 Bongorsium
756 1635 790 1683 511
806 1649 851 1699 pro
867 1643 992 1686 senatum

91 1717 138 1768 que
155 1716 180 1766 p.
200 1700 259 1762 175,
283 1702 318 1751 24
333 1701 471 1751 5551551555
484 1716 637 1766 scenamque,
662 1709 687 1751 51
698 1701 862 1753 casaubonus
879 1703 992 1755 51115555

90 1787 116 1838 p.
130 1769 187 1827 175,
201 1770 234 1818 to
247 1770 305 1820 dicit
316 1769 484 1835 bongarsium
502 1786 515 1818 5
528 1769 612 1820 codice
625 1770 758 1820 cuieciano
772 1780 888 1821 enatasse
906 1770 993 1837 (item-

91 1853 140 1904 que
151 1853 176 1903 p.
189 1839 255 1897 224,
268 1837 305 1900 7).
342 1837 421 1900 Atqui
437 1839 535 1903 reperio
550 1833 586 1888 t'c.
604 1853 750 1903 scenamque
764 1847 789 1888 et
803 1841 917 1891 citiores
930 1844 993 1892 scri-

90 1915 161 1974 ptum
187 1915 211 1956 et
234 1909 351 1956 incertam
367 1914 456 1969 sperae
476 1906 585 1955 deletum
604 1907 629 1955 15
648 1907 779 1972 Excerptis
798 1908 991 1974 Bongarsianis‚

90 1975 117 2026 id
132 1982 170 2024 est
186 1975 347 2024 1565555551
366 1975 481 2039 exemplo
504 1975 621 2024 editionis
634 1975 710 2039 1574,
727 1977 798 2026 55155
811 1977 843 2026 ad
861 1980 992 2044 margines

90 2044 247 2109 Bongarsius
265 2051 413 2110 perpetuam
430 2043 588 2092 collationem
608 2043 701 2094 codicis
721 2044 826 2094 alicuius
846 2046 991 2113 adscripsit.

89 2114 154 2163 Eum
174 2112 285 2162 codicem
303 2113 329 2162 iu
344 2111 467 2162 Beruensi
486 2111 602 2177 exemplo
614 2112 771 2178 Bougarsius
789 2128 866 2179 saepe
884 2115 992 2164 obseura

90 2179 216 2248 significat
228 2180 271 2230 Sic
286 2181 318 2235 V.
334 2182 360 2232 c·
377 2181 531 2245 adscribens,
550 2181 588 2230 bis
605 2189 702 2231 tautum
717 2181 749 2230 ad
758 2196 784 2246 p.
799 2183 855 2243 164,
876 2183 908 2233 14
921 2184 992 2234 5124

87 2253 242 2316 praesumet
255 2253 391 2314 5551511555
403 2249 505 2300 adnotat
519 2249 562 2298 Sr‘o
576 2249 620 2303 cu.
650 2250 811 2301 cuiscianum
826 2251 905 2316 igitur
920 2252 992 2303 codi-

90 2335 143 2372 cem
159 2319 325 2383 abongarsio
343 2333 409 2368 anno
426 2319 523 2367 circiter
541 2317 608 2370 1580
624 2319 740 2370 collatum
757 2320 862 2383 eiusque
878 2320 992 2370 collatio·

89 2390 128 2438 nis
155 2386 271 2450 exempla
298 2387 330 2436 ad
353 2386 520 2448 Groslotium‚
542 2387 669 2452 Lipsium,
696 2387 871 2438 Casaubouum
899 2403 991 2452 perve-

89 2457 158 2505 nisse
184 2454 310 2505 exist'rmc.
346 2457 375 2505 In
397 2462 466 2504 tauto
493 2457 595 2505 testium
625 2471 728 2506 numero
749 2456 869 2506 55555115
891 2457 991 2506 turbata

90 2537 146 2572 esse
166 2535 217 2571 nou
235 2529 274 2571 est
286 2521 442 2585 mirandum,
462 2524 508 2574 sed
526 2525 588 2573 aiter
606 2526 683 2574 altero
702 2525 806 2590 propius
827 2525 859 2574 ad
873 2524 991 2589 Bougar-

89 2593 161 2641 51555
177 2604 234 2639 mea
251 2589 370 2642 amedera
386 2592 457 2643 solet.
494 2592 535 2640 Sic
546 2608 571 2657 p.
585 2592 644 2653 240,
657 2592 689 2644 33
705 2592 861 2658 Bongsrsius
874 2608 887 2642 e
904 2594 992 2642 codice

90 2668 249 2725 excerpserat
262 2660 368 2720 pellibus
380 2663 412 2710 51.
423 2660 558 2722 paladibus
565 2679 575 2717 ,·
588 2660 614 2710 id
629 2661 713 2726 ipsum
726 2662 804 2711 refert
814 2668 887 2710 vetus
898 2661 990 2726 Lipsii,

87 2729 193 2790 pedibus
208 2731 247 2776 oet
260 2731 397 2791 paludibus
413 2728 505 2779 babere
523 2728 604 2778 fertur
621 2729 785 2790 cuissiacus,
804 2729 897 2779 Lislaei
914 2729 989 2779 codd.

89 2811 149 2862 pars
164 2796 270 2857 pellibus
284 2812 343 2862 pars
358 2798 499 2859 paladibus.
536 2801 598 2848 Item
612 2813 638 2863 p.
659 2797 721 2858 139,
740 2798 773 2848 23
792 2798 992 2860 speculatoribus

90 2864 165 2913 babet
180 2864 314 2930 Bongarsii
326 2866 502 2932 autographon
515 2874 538 2916 51
551 2865 699 2916 6515515555
718 2868 786 2934 apud
803 2866 989 2926 casaubonum,

88 2933 316 2995 saepecatatoribus
338 2934 431 2983 habere
454 2935 570 2984 dicuntur
593 2944 712 3000 excerpta
739 2935 896 2986 Groslotiaua
921 2935 991 2999 apud

88 3001 262 3052 casaubonum
282 3012 306 3052 et
319 3002 453 3052 caiaciaua
470 3004 536 3068 apud
549 3003 728 3054 Burmanuum.
756 3003 883 3066 Quidquid
901 3004 928 3052 id
941 3013 990 3064 est,

86 3071 108 3119 is
126 3071 206 3119 codex
223 3071 308 3121 multis
333 3073 475 3122 nominibus
495 3072 638 3122 nobilitatus
659 3073 801 3122 simillimus
820 3080 857 3121 551
873 3071 990 3120 Parisino

87 3139 154 3190 6116
175 3147 198 3188 et
213 3141 295 3204 magis
318 3142 392 3191 etiarn
409 3141 519 3190 blediceo
536 3143 655 3191 secundo.
674 3142 867 3203 -Eademque
887 3155 928 3190 res
952 3151 990 3189 est

88 3223 144 3257 cum
163 3210 286 3273 excerptis
304 3210 449 3268 Vossianis‚
472 3224 536 3272 quae
551 3211 652 3259 Isaacus
668 3211 777 3260 Vossius
799 3210 831 3259 od
852 3209 989 3259 editionem

87 3277 193 3326 51592
214 3277 239 3325 15
256 3278 374 3327 Leidensi
396 3279 544 3328 bibliotheca
564 3286 688 3328 servatam
706 3279 848 3343 adscripsit.
882 3278 918 3326 Ea
935 3277 990 3325 sive

88 3345 228 3394 ebiediceo
244 3347 328 3408 aliquo
346 3347 430 3396 codice
448 3355 475 3395 ut
493 3346 686 3412 Oudendorpius
706 3347 871 3406 existimavit,
891 3347 945 3395 sive
962 3354 990 3394 ut

88 3414 203 3476 equidem
223 3423 312 3477 putare
327 3416 393 3464 molo
414 3431 446 3463 ex
462 3415 567 3480 Angiico
585 3416 669 3479 aliquo
687 3415 819 3480 desumpta
836 3423 907 3475 sant,
931 3430 987 3479 per·

87 3480 166 3529 115551
184 3483 215 3529 ad
232 3483 257 3530 id
273 3485 371 3531 tertium
387 3498 482 3547 genas.
501 3485 532 3532 de
549 3498 597 3546 qao
614 3484 696 3532 dicere
711 3484 873 3532 instituimus.
