<?xml version="1.0" encoding="UTF-8"?>
<!DOCTYPE html PUBLIC "-//W3C//DTD XHTML 1.0 Transitional//EN"
    "http://www.w3.org/TR/xhtml1/DTD/xhtml1-transitional.dtd">
<html xmlns="http://www.w3.org/1999/xhtml" xml:lang="en" lang="en">
 <head>
  <title>
</title>
<meta http-equiv="Content-Type" content="text/html;charset=utf-8" />
  <meta name='ocr-system' content='tesseract 3.04.00' />
  <meta name='ocr-capabilities' content='ocr_page ocr_carea ocr_par ocr_line ocrx_word'/>
</head>
<body>
  <div class='ocr_page' id='page_1' title='image "./csuetonitranqui01suetgoog_0206.png"; bbox 0 0 2256 3930; ppageno 0'>
   <div class='ocr_carea' id='block_1_1' title="bbox 452 204 1027 266">
    <p class='ocr_par' dir='ltr' id='par_1_1' title="bbox 452 204 1027 266">
     <span class='ocr_line' id='line_1_1' title="bbox 452 204 1027 266; baseline -0.002 -1"><span class='ocrx_word' id='word_1_1' title='bbox 452 215 620 266; x_wconf 84' lang='lat' dir='ltr'><strong>nrnnnrns.</strong></span> <span class='ocrx_word' id='word_1_2' title='bbox 986 204 1027 265; x_wconf 83' lang='lat' dir='ltr'><strong>at</strong></span> 
     </span>
    </p>
   </div>
   <div class='ocr_carea' id='block_1_2' title="bbox 10 368 1081 3598">
    <p class='ocr_par' dir='ltr' id='par_1_2' title="bbox 30 368 1028 698">
     <span class='ocr_line' id='line_1_2' title="bbox 30 368 1028 449; baseline -0.004 -18"><span class='ocrx_word' id='word_1_3' title='bbox 30 371 113 432; x_wconf 88' lang='lat' dir='ltr'><strong>Livia</strong></span> <span class='ocrx_word' id='word_1_4' title='bbox 133 379 162 430; x_wconf 89' lang='lat' dir='ltr'><strong>et</strong></span> <span class='ocrx_word' id='word_1_5' title='bbox 183 388 217 430; x_wconf 90' lang='lat' dir='ltr'><strong>ea</strong></span> <span class='ocrx_word' id='word_1_6' title='bbox 240 371 360 430; x_wconf 90' lang='lat' dir='ltr'><strong>conscio</strong></span> <span class='ocrx_word' id='word_1_7' title='bbox 375 368 492 431; x_wconf 82' lang='lat' dir='ltr'><strong>&#39;liberio</strong></span> <span class='ocrx_word' id='word_1_8' title='bbox 516 389 551 431; x_wconf 92' lang='lat' dir='ltr'><strong>an</strong></span> <span class='ocrx_word' id='word_1_9' title='bbox 572 373 692 449; x_wconf 88' lang='lat' dir='ltr'><strong>ignaro,</strong></span> <span class='ocrx_word' id='word_1_10' title='bbox 714 372 862 433; x_wconf 77' lang='lat' dir='ltr'><strong>dictasset.</strong></span> <span class='ocrx_word' id='word_1_11' title='bbox 895 368 1028 430; x_wconf 81' lang='lat' dir='ltr'><strong>&#39;liberius</strong></span> 
     </span>
     <span class='ocr_line' id='line_1_3' title="bbox 31 452 1026 534; baseline -0.004 -19"><span class='ocrx_word' id='word_1_12' title='bbox 31 455 205 515; x_wconf 76' lang='lat' dir='ltr'><strong>renuntianti</strong></span> <span class='ocrx_word' id='word_1_13' title='bbox 220 453 352 529; x_wconf 89' lang='lat' dir='ltr'><strong>tribuno,</strong></span> <span class='ocrx_word' id='word_1_14' title='bbox 368 454 475 513; x_wconf 89' lang='lat' dir='ltr'><strong>iactum</strong></span> <span class='ocrx_word' id='word_1_15' title='bbox 491 472 557 514; x_wconf 89' lang='lat' dir='ltr'><strong>esse</strong></span> <span class='ocrx_word' id='word_1_16' title='bbox 572 454 648 532; x_wconf 87' lang='lat' dir='ltr'><strong>quod</strong></span> <span class='ocrx_word' id='word_1_17' title='bbox 661 457 848 534; x_wconf 72' lang='lat' dir='ltr'>imperasset,</span> <span class='ocrx_word' id='word_1_18' title='bbox 863 471 960 532; x_wconf 83' lang='lat' dir='ltr'><strong>oeque</strong></span> <span class='ocrx_word' id='word_1_19' title='bbox 973 452 1026 512; x_wconf 79' lang='lat' dir='ltr'><strong>im·</strong></span> 
     </span>
     <span class='ocr_line' id='line_1_4' title="bbox 30 536 1027 617; baseline -0.005 -19"><span class='ocrx_word' id='word_1_20' title='bbox 30 554 165 617; x_wconf 70' lang='lat' dir='ltr'><strong>perum</strong></span> <span class='ocrx_word' id='word_1_21' title='bbox 185 554 220 595; x_wconf 79' lang='lat' dir='ltr'><strong>se</strong></span> <span class='ocrx_word' id='word_1_22' title='bbox 240 543 270 596; x_wconf 88' lang='lat' dir='ltr'><strong>et</strong></span> <span class='ocrx_word' id='word_1_23' title='bbox 286 536 476 596; x_wconf 84' lang='lat' dir='ltr'><strong>redditurum</strong></span> <span class='ocrx_word' id='word_1_24' title='bbox 490 555 557 597; x_wconf 87' lang='lat' dir='ltr'><strong>cum</strong></span> <span class='ocrx_word' id='word_1_25' title='bbox 572 539 855 598; x_wconf 65' lang='lat' dir='ltr'><strong>denominationem</strong></span> <span class='ocrx_word' id='word_1_26' title='bbox 869 536 1027 615; x_wconf 81' lang='lat' dir='ltr'><strong>respondit,</strong></span> 
     </span>
     <span class='ocr_line' id='line_1_5' title="bbox 33 620 1028 698; baseline -0.003 -18"><span class='ocrx_word' id='word_1_27' title='bbox 33 620 169 680; x_wconf 87' lang='lat' dir='ltr'><strong>invidiam</strong></span> <span class='ocrx_word' id='word_1_28' title='bbox 184 620 300 680; x_wconf 88' lang='lat' dir='ltr'><strong>scilicet</strong></span> <span class='ocrx_word' id='word_1_29' title='bbox 312 622 341 679; x_wconf 95' lang='lat' dir='ltr'><strong>in</strong></span> <span class='ocrx_word' id='word_1_30' title='bbox 356 623 520 698; x_wconf 83' lang='lat' dir='ltr'><strong>praesentia</strong></span> <span class='ocrx_word' id='word_1_31' title='bbox 535 622 638 680; x_wconf 88' lang='lat' dir='ltr'><strong>vitans.</strong></span> <span class='ocrx_word' id='word_1_32' title='bbox 671 621 742 681; x_wconf 90' lang='lat' dir='ltr'><strong>Nam</strong></span> <span class='ocrx_word' id='word_1_33' title='bbox 755 638 822 680; x_wconf 86' lang='lat' dir='ltr'><strong>mox</strong></span> <span class='ocrx_word' id='word_1_34' title='bbox 838 620 951 680; x_wconf 90' lang='lat' dir='ltr'><strong>silentio</strong></span> <span class='ocrx_word' id='word_1_35' title='bbox 966 637 1028 679; x_wconf 90' lang='lat' dir='ltr'><strong>rem</strong></span> 
     </span>
    </p>

    <p class='ocr_par' dir='ltr' id='par_1_3' title="bbox 10 703 1074 1115">
     <span class='ocr_line' id='line_1_6' title="bbox 10 703 1074 782; baseline -0.001 -19"><span class='ocrx_word' id='word_1_36' title='bbox 10 704 209 765; x_wconf 81' lang='lat' dir='ltr'><strong>nobliteravit.</strong></span> <span class='ocrx_word' id='word_1_37' title='bbox 244 703 309 762; x_wconf 91' lang='lat' dir='ltr'><strong>lure</strong></span> <span class='ocrx_word' id='word_1_38' title='bbox 330 712 423 762; x_wconf 92' lang='lat' dir='ltr'><strong>autem</strong></span> <span class='ocrx_word' id='word_1_39' title='bbox 445 703 612 763; x_wconf 81' lang='lat' dir='ltr'><strong>tribuniciae</strong></span> <span class='ocrx_word' id='word_1_40' title='bbox 633 706 785 782; x_wconf 89' lang='lat' dir='ltr'><strong>potestatis</strong></span> <span class='ocrx_word' id='word_1_41' title='bbox 805 712 907 763; x_wconf 87' lang='lat' dir='ltr'><strong>coacto</strong></span> <span class='ocrx_word' id='word_1_42' title='bbox 929 707 1074 763; x_wconf 69' lang='lat' dir='ltr'><strong>senatore</strong></span> 
     </span>
     <span class='ocr_line' id='line_1_7' title="bbox 32 786 1027 866; baseline -0.004 -18"><span class='ocrx_word' id='word_1_43' title='bbox 32 788 227 865; x_wconf 88' lang='lat' dir='ltr'><strong>inchoataque</strong></span> <span class='ocrx_word' id='word_1_44' title='bbox 250 786 447 863; x_wconf 80' lang='lat' dir='ltr'><strong>adlocutione,</strong></span> <span class='ocrx_word' id='word_1_45' title='bbox 469 787 628 866; x_wconf 88' lang='lat' dir='ltr'><strong>derepente</strong></span> <span class='ocrx_word' id='word_1_46' title='bbox 649 788 729 848; x_wconf 88' lang='lat' dir='ltr'><strong>velut</strong></span> <span class='ocrx_word' id='word_1_47' title='bbox 748 790 839 865; x_wconf 88' lang='lat' dir='ltr'><strong>impar</strong></span> <span class='ocrx_word' id='word_1_48' title='bbox 853 786 946 846; x_wconf 88' lang='lat' dir='ltr'><strong>dolori</strong></span> <span class='ocrx_word' id='word_1_49' title='bbox 961 802 1027 845; x_wconf 90' lang='lat' dir='ltr'><strong>oon·</strong></span> 
     </span>
     <span class='ocr_line' id='line_1_8' title="bbox 33 869 1031 949; baseline -0.003 -19"><span class='ocrx_word' id='word_1_50' title='bbox 33 872 153 949; x_wconf 80' lang='lat' dir='ltr'><strong>gemuit,</strong></span> <span class='ocrx_word' id='word_1_51' title='bbox 169 879 256 948; x_wconf 86' lang='lat' dir='ltr'><strong>utque</strong></span> <span class='ocrx_word' id='word_1_52' title='bbox 270 887 328 929; x_wconf 94' lang='lat' dir='ltr'><strong>uon</strong></span> <span class='ocrx_word' id='word_1_53' title='bbox 346 869 437 928; x_wconf 89' lang='lat' dir='ltr'><strong>solum</strong></span> <span class='ocrx_word' id='word_1_54' title='bbox 452 888 511 930; x_wconf 81' lang='lat' dir='ltr'><strong>vox</strong></span> <span class='ocrx_word' id='word_1_55' title='bbox 525 869 577 929; x_wconf 91' lang='lat' dir='ltr'><strong>sed</strong></span> <span class='ocrx_word' id='word_1_56' title='bbox 592 879 621 929; x_wconf 88' lang='lat' dir='ltr'><strong>et</strong></span> <span class='ocrx_word' id='word_1_57' title='bbox 634 873 750 949; x_wconf 88' lang='lat' dir='ltr'><strong>spiritus</strong></span> <span class='ocrx_word' id='word_1_58' title='bbox 767 870 905 929; x_wconf 86' lang='lat' dir='ltr'><strong>deiiceret</strong></span> <span class='ocrx_word' id='word_1_59' title='bbox 922 869 1031 947; x_wconf 83' lang='lat' dir='ltr'><strong>optavit</strong></span> 
     </span>
     <span class='ocr_line' id='line_1_9' title="bbox 34 951 1029 1032; baseline -0.005 -17"><span class='ocrx_word' id='word_1_60' title='bbox 34 973 72 1015; x_wconf 89' lang='lat' dir='ltr'><strong>ac</strong></span> <span class='ocrx_word' id='word_1_61' title='bbox 92 952 299 1032; x_wconf 83' lang='lat' dir='ltr'><strong>perlegendum</strong></span> <span class='ocrx_word' id='word_1_62' title='bbox 321 952 423 1012; x_wconf 89' lang='lat' dir='ltr'><strong>librum</strong></span> <span class='ocrx_word' id='word_1_63' title='bbox 442 953 537 1012; x_wconf 89' lang='lat' dir='ltr'><strong>Druso</strong></span> <span class='ocrx_word' id='word_1_64' title='bbox 558 953 616 1012; x_wconf 91' lang='lat' dir='ltr'><strong>lilio</strong></span> <span class='ocrx_word' id='word_1_65' title='bbox 638 953 761 1014; x_wconf 89' lang='lat' dir='ltr'><strong>tradidit.</strong></span> <span class='ocrx_word' id='word_1_66' title='bbox 793 952 913 1012; x_wconf 89' lang='lat' dir='ltr'><strong>lnlatum</strong></span> <span class='ocrx_word' id='word_1_67' title='bbox 927 951 1029 1011; x_wconf 89' lang='lat' dir='ltr'><strong>deinde</strong></span> 
     </span>
     <span class='ocr_line' id='line_1_10' title="bbox 34 1035 1031 1115; baseline -0.003 -19"><span class='ocrx_word' id='word_1_68' title='bbox 34 1037 160 1113; x_wconf 82' lang='lat' dir='ltr'><strong>Augusti</strong></span> <span class='ocrx_word' id='word_1_69' title='bbox 176 1045 383 1112; x_wconf 87' lang='lat' dir='ltr'><strong>testamentum,</strong></span> <span class='ocrx_word' id='word_1_70' title='bbox 400 1053 457 1095; x_wconf 92' lang='lat' dir='ltr'><strong>non</strong></span> <span class='ocrx_word' id='word_1_71' title='bbox 473 1037 604 1096; x_wconf 88' lang='lat' dir='ltr'><strong>admissis</strong></span> <span class='ocrx_word' id='word_1_72' title='bbox 616 1037 810 1115; x_wconf 83' lang='lat' dir='ltr'><strong>signatoribus</strong></span> <span class='ocrx_word' id='word_1_73' title='bbox 824 1037 879 1095; x_wconf 91' lang='lat' dir='ltr'><strong>nisi</strong></span> <span class='ocrx_word' id='word_1_74' title='bbox 894 1035 1031 1095; x_wconf 92' lang='lat' dir='ltr'><strong>senatorii</strong></span> 
     </span>
    </p>

    <p class='ocr_par' dir='ltr' id='par_1_4' title="bbox 10 1118 1033 1532">
     <span class='ocr_line' id='line_1_11' title="bbox 10 1118 1033 1199; baseline -0.005 -18"><span class='ocrx_word' id='word_1_75' title='bbox 10 1120 160 1196; x_wconf 77' lang='lat' dir='ltr'><strong>nondinis,</strong></span> <span class='ocrx_word' id='word_1_76' title='bbox 186 1122 293 1178; x_wconf 87' lang='lat' dir='ltr'><strong>ceteris</strong></span> <span class='ocrx_word' id='word_1_77' title='bbox 315 1129 397 1180; x_wconf 84' lang='lat' dir='ltr'><strong>extra</strong></span> <span class='ocrx_word' id='word_1_78' title='bbox 415 1122 521 1179; x_wconf 88' lang='lat' dir='ltr'><strong>curiam</strong></span> <span class='ocrx_word' id='word_1_79' title='bbox 538 1122 620 1197; x_wconf 88' lang='lat' dir='ltr'><strong>signa</strong></span> <span class='ocrx_word' id='word_1_80' title='bbox 637 1118 877 1199; x_wconf 87' lang='lat' dir='ltr'><strong>agnoscentibus,</strong></span> <span class='ocrx_word' id='word_1_81' title='bbox 899 1119 1033 1178; x_wconf 84' lang='lat' dir='ltr'><strong>recitavit</strong></span> 
     </span>
     <span class='ocr_line' id='line_1_12' title="bbox 34 1201 1030 1283; baseline -0.001 -20"><span class='ocrx_word' id='word_1_82' title='bbox 34 1222 91 1283; x_wconf 89' lang='lat' dir='ltr'><strong>per</strong></span> <span class='ocrx_word' id='word_1_83' title='bbox 105 1202 247 1261; x_wconf 90' lang='lat' dir='ltr'><strong>libertum.</strong></span> <span class='ocrx_word' id='word_1_84' title='bbox 279 1203 454 1263; x_wconf 79' lang='lat' dir='ltr'><strong>Testamenti</strong></span> <span class='ocrx_word' id='word_1_85' title='bbox 475 1205 581 1262; x_wconf 93' lang='lat' dir='ltr'><strong>initium</strong></span> <span class='ocrx_word' id='word_1_86' title='bbox 594 1205 662 1265; x_wconf 86' lang='lat' dir='ltr'><strong>fuit:</strong></span> <span class='ocrx_word' id='word_1_87' title='bbox 688 1203 840 1277; x_wconf 80' lang='lat' dir='ltr'><strong>Quoniam</strong></span> <span class='ocrx_word' id='word_1_88' title='bbox 856 1210 952 1264; x_wconf 71' lang='lat' dir='ltr'><strong>annac</strong></span> <span class='ocrx_word' id='word_1_89' title='bbox 963 1201 1030 1279; x_wconf 74' lang='lat' dir='ltr'><strong>for·</strong></span> 
     </span>
     <span class='ocr_line' id='line_1_13' title="bbox 34 1283 1030 1365; baseline -0.004 -17"><span class='ocrx_word' id='word_1_90' title='bbox 34 1293 110 1348; x_wconf 81' lang='lat' dir='ltr'><strong>tuna</strong></span> <span class='ocrx_word' id='word_1_91' title='bbox 128 1285 239 1345; x_wconf 83' lang='lat' dir='ltr'><strong>Gaium</strong></span> <span class='ocrx_word' id='word_1_92' title='bbox 252 1293 283 1346; x_wconf 85' lang='lat' dir='ltr'><strong>et</strong></span> <span class='ocrx_word' id='word_1_93' title='bbox 296 1285 423 1347; x_wconf 80' lang='lat' dir='ltr'><strong>Lucium</strong></span> <span class='ocrx_word' id='word_1_94' title='bbox 441 1287 525 1363; x_wconf 74' lang='lat' dir='ltr'><strong>filios</strong></span> <span class='ocrx_word' id='word_1_95' title='bbox 544 1287 619 1346; x_wconf 80' lang='lat' dir='ltr'><strong>milti</strong></span> <span class='ocrx_word' id='word_1_96' title='bbox 634 1288 762 1365; x_wconf 80' lang='lat' dir='ltr'><strong>eripuit,</strong></span> <span class='ocrx_word' id='word_1_97' title='bbox 794 1285 935 1346; x_wconf 75' lang='lat' dir='ltr'><strong>Tiberius</strong></span> <span class='ocrx_word' id='word_1_98' title='bbox 952 1283 1030 1346; x_wconf 78' lang='lat' dir='ltr'><strong>Coe·</strong></span> 
     </span>
     <span class='ocr_line' id='line_1_14' title="bbox 34 1369 1033 1447; baseline -0.004 -17"><span class='ocrx_word' id='word_1_99' title='bbox 34 1388 92 1430; x_wconf 80' lang='lat' dir='ltr'><strong>nar</strong></span> <span class='ocrx_word' id='word_1_100' title='bbox 114 1369 188 1429; x_wconf 81' lang='lat' dir='ltr'><strong>milti</strong></span> <span class='ocrx_word' id='word_1_101' title='bbox 208 1387 248 1429; x_wconf 76' lang='lat' dir='ltr'><strong>ea</strong></span> <span class='ocrx_word' id='word_1_102' title='bbox 265 1378 359 1447; x_wconf 85' lang='lat' dir='ltr'><strong>porte</strong></span> <span class='ocrx_word' id='word_1_103' title='bbox 373 1369 501 1430; x_wconf 81' lang='lat' dir='ltr'><strong>dimidiu</strong></span> <span class='ocrx_word' id='word_1_104' title='bbox 517 1377 545 1430; x_wconf 84' lang='lat' dir='ltr'><strong>et</strong></span> <span class='ocrx_word' id='word_1_105' title='bbox 560 1379 701 1431; x_wconf 74' lang='lat' dir='ltr'><strong>sectante</strong></span> <span class='ocrx_word' id='word_1_106' title='bbox 715 1371 804 1431; x_wconf 79' lang='lat' dir='ltr'><strong>berec</strong></span> <span class='ocrx_word' id='word_1_107' title='bbox 817 1378 891 1430; x_wconf 78' lang='lat' dir='ltr'><strong>ecto.</strong></span> <span class='ocrx_word' id='word_1_108' title='bbox 923 1369 987 1443; x_wconf 81' lang='lat' dir='ltr'><strong>Quo</strong></span> <span class='ocrx_word' id='word_1_109' title='bbox 1004 1375 1033 1426; x_wconf 90' lang='lat' dir='ltr'><strong>et</strong></span> 
     </span>
     <span class='ocr_line' id='line_1_15' title="bbox 34 1454 1032 1532; baseline -0.003 -19"><span class='ocrx_word' id='word_1_110' title='bbox 34 1456 101 1532; x_wconf 93' lang='lat' dir='ltr'><strong>ipso</strong></span> <span class='ocrx_word' id='word_1_111' title='bbox 119 1462 202 1513; x_wconf 83' lang='lat' dir='ltr'><strong>anneta</strong></span> <span class='ocrx_word' id='word_1_112' title='bbox 217 1455 337 1532; x_wconf 92' lang='lat' dir='ltr'><strong>suspitio</strong></span> <span class='ocrx_word' id='word_1_113' title='bbox 357 1462 402 1513; x_wconf 90' lang='lat' dir='ltr'><strong>est</strong></span> <span class='ocrx_word' id='word_1_114' title='bbox 415 1455 598 1531; x_wconf 85' lang='lat' dir='ltr'><strong>opinantium,</strong></span> <span class='ocrx_word' id='word_1_115' title='bbox 616 1472 817 1514; x_wconf 86' lang='lat' dir='ltr'><strong>successorem</strong></span> <span class='ocrx_word' id='word_1_116' title='bbox 831 1454 950 1513; x_wconf 90' lang='lat' dir='ltr'><strong>ascitum</strong></span> <span class='ocrx_word' id='word_1_117' title='bbox 968 1469 1032 1512; x_wconf 89' lang='lat' dir='ltr'><strong>eum</strong></span> 
     </span>
    </p>

    <p class='ocr_par' dir='ltr' id='par_1_5' title="bbox 10 1534 1030 1680">
     <span class='ocr_line' id='line_1_16' title="bbox 10 1534 1030 1616; baseline -0.003 -19"><span class='ocrx_word' id='word_1_118' title='bbox 10 1537 210 1597; x_wconf 81' lang='lat' dir='ltr'><strong>suecessitate</strong></span> <span class='ocrx_word' id='word_1_119' title='bbox 226 1538 319 1613; x_wconf 88' lang='lat' dir='ltr'><strong>magis</strong></span> <span class='ocrx_word' id='word_1_120' title='bbox 333 1554 415 1615; x_wconf 88' lang='lat' dir='ltr'><strong>quam</strong></span> <span class='ocrx_word' id='word_1_121' title='bbox 430 1537 550 1613; x_wconf 90' lang='lat' dir='ltr'><strong>iudicio,</strong></span> <span class='ocrx_word' id='word_1_122' title='bbox 568 1538 680 1616; x_wconf 66' lang='lat' dir='ltr'><strong>quamn</strong></span> <span class='ocrx_word' id='word_1_123' title='bbox 696 1540 734 1597; x_wconf 91' lang='lat' dir='ltr'><strong>ita</strong></span> <span class='ocrx_word' id='word_1_124' title='bbox 751 1537 876 1616; x_wconf 89' lang='lat' dir='ltr'><strong>praeiari</strong></span> <span class='ocrx_word' id='word_1_125' title='bbox 890 1554 948 1596; x_wconf 94' lang='lat' dir='ltr'><strong>non</strong></span> <span class='ocrx_word' id='word_1_126' title='bbox 966 1534 1030 1595; x_wconf 91' lang='lat' dir='ltr'><strong>abs·</strong></span> 
     </span>
     <span class='ocr_line' id='line_1_17' title="bbox 33 1621 158 1680; baseline -0.016 0"><span class='ocrx_word' id='word_1_127' title='bbox 33 1621 158 1680; x_wconf 91' lang='lat' dir='ltr'><strong>tinuerit.</strong></span> 
     </span>
    </p>

    <p class='ocr_par' dir='ltr' id='par_1_6' title="bbox 36 1703 1077 1947">
     <span class='ocr_line' id='line_1_18' title="bbox 99 1703 1077 1783; baseline -0.005 -20"><span class='ocrx_word' id='word_1_128' title='bbox 99 1703 305 1780; x_wconf 85' lang='lat' dir='ltr'><strong>Principatum,</strong></span> <span class='ocrx_word' id='word_1_129' title='bbox 333 1705 460 1780; x_wconf 83' lang='lat' dir='ltr'><strong>quamvis</strong></span> <span class='ocrx_word' id='word_1_130' title='bbox 481 1722 575 1783; x_wconf 85' lang='lat' dir='ltr'><strong>neque</strong></span> <span class='ocrx_word' id='word_1_131' title='bbox 594 1721 739 1783; x_wconf 88' lang='lat' dir='ltr'><strong>occupare</strong></span> <span class='ocrx_word' id='word_1_132' title='bbox 762 1704 913 1763; x_wconf 80' lang='lat' dir='ltr'><strong>confestim</strong></span> <span class='ocrx_word' id='word_1_133' title='bbox 937 1705 1077 1779; x_wconf 71' lang='lat' dir='ltr'><strong>nequetd</strong></span> 
     </span>
     <span class='ocr_line' id='line_1_19' title="bbox 36 1784 1032 1864; baseline -0.006 -17"><span class='ocrx_word' id='word_1_134' title='bbox 36 1805 128 1863; x_wconf 88' lang='lat' dir='ltr'><strong>agere</strong></span> <span class='ocrx_word' id='word_1_135' title='bbox 148 1784 323 1860; x_wconf 90' lang='lat' dir='ltr'><strong>dubitasset,</strong></span> <span class='ocrx_word' id='word_1_136' title='bbox 346 1795 375 1844; x_wconf 89' lang='lat' dir='ltr'><strong>et</strong></span> <span class='ocrx_word' id='word_1_137' title='bbox 394 1789 517 1846; x_wconf 90' lang='lat' dir='ltr'><strong>statione</strong></span> <span class='ocrx_word' id='word_1_138' title='bbox 538 1789 672 1864; x_wconf 87' lang='lat' dir='ltr'><strong>militum,</strong></span> <span class='ocrx_word' id='word_1_139' title='bbox 697 1787 753 1847; x_wconf 93' lang='lat' dir='ltr'><strong>boc</strong></span> <span class='ocrx_word' id='word_1_140' title='bbox 774 1795 819 1846; x_wconf 87' lang='lat' dir='ltr'><strong>est</strong></span> <span class='ocrx_word' id='word_1_141' title='bbox 839 1788 867 1845; x_wconf 85' lang='lat' dir='ltr'><strong>vi</strong></span> <span class='ocrx_word' id='word_1_142' title='bbox 888 1794 917 1844; x_wconf 88' lang='lat' dir='ltr'><strong>et</strong></span> <span class='ocrx_word' id='word_1_143' title='bbox 932 1784 1032 1862; x_wconf 89' lang='lat' dir='ltr'><strong>specie</strong></span> 
     </span>
     <span class='ocr_line' id='line_1_20' title="bbox 36 1868 1032 1947; baseline -0.006 -18"><span class='ocrx_word' id='word_1_144' title='bbox 36 1869 236 1929; x_wconf 88' lang='lat' dir='ltr'><strong>dominationis</strong></span> <span class='ocrx_word' id='word_1_145' title='bbox 253 1878 414 1947; x_wconf 85' lang='lat' dir='ltr'><strong>assumpta,</strong></span> <span class='ocrx_word' id='word_1_146' title='bbox 431 1870 477 1930; x_wconf 92' lang='lat' dir='ltr'><strong>diu</strong></span> <span class='ocrx_word' id='word_1_147' title='bbox 494 1880 588 1930; x_wconf 90' lang='lat' dir='ltr'><strong>tamen</strong></span> <span class='ocrx_word' id='word_1_148' title='bbox 603 1872 766 1946; x_wconf 85' lang='lat' dir='ltr'><strong>recusavit,</strong></span> <span class='ocrx_word' id='word_1_149' title='bbox 789 1868 1032 1946; x_wconf 91' lang='lat' dir='ltr'><strong>impudentissimo</strong></span> 
     </span>
    </p>

    <p class='ocr_par' dir='ltr' id='par_1_7' title="bbox 10 1951 1038 2948">
     <span class='ocr_line' id='line_1_21' title="bbox 10 1951 1035 2057; baseline -0.005 -45"><span class='ocrx_word' id='word_1_150' title='bbox 10 1955 122 2057; x_wconf 66' lang='lat' dir='ltr'><strong>pmimo</strong></span> <span class='ocrx_word' id='word_1_151' title='bbox 140 1969 215 2010; x_wconf 90' lang='lat' dir='ltr'><strong>nunc</strong></span> <span class='ocrx_word' id='word_1_152' title='bbox 231 1951 406 2011; x_wconf 91' lang='lat' dir='ltr'><strong>adhortantis</strong></span> <span class='ocrx_word' id='word_1_153' title='bbox 423 1955 530 2014; x_wconf 90' lang='lat' dir='ltr'><strong>amicos</strong></span> <span class='ocrx_word' id='word_1_154' title='bbox 545 1956 699 2031; x_wconf 88' lang='lat' dir='ltr'><strong>increpans</strong></span> <span class='ocrx_word' id='word_1_155' title='bbox 714 1962 744 2012; x_wconf 93' lang='lat' dir='ltr'><strong>ut</strong></span> <span class='ocrx_word' id='word_1_156' title='bbox 756 1953 902 2030; x_wconf 81' lang='lat' dir='ltr'><strong>ignaros,</strong></span> <span class='ocrx_word' id='word_1_157' title='bbox 919 1955 1035 2028; x_wconf 83' lang='lat' dir='ltr'><strong>quanto</strong></span> 
     </span>
     <span class='ocr_line' id='line_1_22' title="bbox 10 2031 1034 2115; baseline -0.009 -17"><span class='ocrx_word' id='word_1_158' title='bbox 10 2031 12 2036; x_wconf 69' lang='grc'><strong>’</strong></span> <span class='ocrx_word' id='word_1_159' title='bbox 36 2036 142 2097; x_wconf 80' lang='lat' dir='ltr'><strong>bellota</strong></span> <span class='ocrx_word' id='word_1_160' title='bbox 157 2041 238 2093; x_wconf 81' lang='lat' dir='ltr'><strong>esset</strong></span> <span class='ocrx_word' id='word_1_161' title='bbox 249 2035 424 2111; x_wconf 79' lang='lat' dir='ltr'><strong>imperium,</strong></span> <span class='ocrx_word' id='word_1_162' title='bbox 445 2055 519 2096; x_wconf 93' lang='lat' dir='ltr'><strong>nunc</strong></span> <span class='ocrx_word' id='word_1_163' title='bbox 536 2046 703 2115; x_wconf 90' lang='lat' dir='ltr'><strong>precantem</strong></span> <span class='ocrx_word' id='word_1_164' title='bbox 717 2043 844 2095; x_wconf 90' lang='lat' dir='ltr'><strong>senatum</strong></span> <span class='ocrx_word' id='word_1_165' title='bbox 860 2043 889 2093; x_wconf 90' lang='lat' dir='ltr'><strong>et</strong></span> <span class='ocrx_word' id='word_1_166' title='bbox 904 2049 1034 2111; x_wconf 87' lang='lat' dir='ltr'><strong>procum·</strong></span> 
     </span>
     <span class='ocr_line' id='line_1_23' title="bbox 36 2117 1035 2198; baseline -0.006 -19"><span class='ocrx_word' id='word_1_167' title='bbox 36 2121 155 2179; x_wconf 88' lang='lat' dir='ltr'><strong>bentem</strong></span> <span class='ocrx_word' id='word_1_168' title='bbox 178 2117 232 2176; x_wconf 87' lang='lat' dir='ltr'><strong>sibi</strong></span> <span class='ocrx_word' id='word_1_169' title='bbox 252 2117 287 2176; x_wconf 87' lang='lat' dir='ltr'><strong>ad</strong></span> <span class='ocrx_word' id='word_1_170' title='bbox 308 2136 403 2194; x_wconf 88' lang='lat' dir='ltr'><strong>genua</strong></span> <span class='ocrx_word' id='word_1_171' title='bbox 424 2119 564 2197; x_wconf 84' lang='lat' dir='ltr'><strong>ambiguis</strong></span> <span class='ocrx_word' id='word_1_172' title='bbox 586 2121 736 2198; x_wconf 87' lang='lat' dir='ltr'><strong>responsis</strong></span> <span class='ocrx_word' id='word_1_173' title='bbox 758 2127 787 2176; x_wconf 90' lang='lat' dir='ltr'><strong>et</strong></span> <span class='ocrx_word' id='word_1_174' title='bbox 803 2117 906 2176; x_wconf 93' lang='lat' dir='ltr'><strong>callida</strong></span> <span class='ocrx_word' id='word_1_175' title='bbox 923 2124 1035 2175; x_wconf 88' lang='lat' dir='ltr'><strong>cuncta-</strong></span> 
     </span>
     <span class='ocr_line' id='line_1_24' title="bbox 37 2199 1035 2281; baseline -0.006 -19"><span class='ocrx_word' id='word_1_176' title='bbox 37 2205 117 2262; x_wconf 90' lang='lat' dir='ltr'><strong>tione</strong></span> <span class='ocrx_word' id='word_1_177' title='bbox 133 2199 326 2277; x_wconf 88' lang='lat' dir='ltr'><strong>suspendens;</strong></span> <span class='ocrx_word' id='word_1_178' title='bbox 343 2209 373 2259; x_wconf 95' lang='lat' dir='ltr'><strong>ut</strong></span> <span class='ocrx_word' id='word_1_179' title='bbox 388 2202 500 2279; x_wconf 88' lang='lat' dir='ltr'><strong>quidam</strong></span> <span class='ocrx_word' id='word_1_180' title='bbox 514 2204 678 2281; x_wconf 89' lang='lat' dir='ltr'><strong>patientiam</strong></span> <span class='ocrx_word' id='word_1_181' title='bbox 691 2209 857 2279; x_wconf 88' lang='lat' dir='ltr'><strong>rumperent</strong></span> <span class='ocrx_word' id='word_1_182' title='bbox 868 2209 954 2278; x_wconf 88' lang='lat' dir='ltr'><strong>atque</strong></span> <span class='ocrx_word' id='word_1_183' title='bbox 965 2215 1035 2257; x_wconf 92' lang='lat' dir='ltr'><strong>unus</strong></span> 
     </span>
     <span class='ocr_line' id='line_1_25' title="bbox 37 2282 1036 2365; baseline -0.004 -21"><span class='ocrx_word' id='word_1_184' title='bbox 37 2288 68 2344; x_wconf 91' lang='lat' dir='ltr'><strong>in</strong></span> <span class='ocrx_word' id='word_1_185' title='bbox 83 2282 201 2342; x_wconf 92' lang='lat' dir='ltr'><strong>tumultu</strong></span> <span class='ocrx_word' id='word_1_186' title='bbox 213 2283 421 2360; x_wconf 86' lang='lat' dir='ltr'><strong>proclamaret:</strong></span> <span class='ocrx_word' id='word_1_187' title='bbox 436 2283 499 2345; x_wconf 84' lang='lat' dir='ltr'><strong>Aut</strong></span> <span class='ocrx_word' id='word_1_188' title='bbox 512 2293 602 2365; x_wconf 78' lang='lat' dir='ltr'><strong>opat,</strong></span> <span class='ocrx_word' id='word_1_189' title='bbox 622 2293 677 2345; x_wconf 85' lang='lat' dir='ltr'><strong>ont</strong></span> <span class='ocrx_word' id='word_1_190' title='bbox 689 2284 837 2345; x_wconf 81' lang='lat' dir='ltr'><strong>desistat!</strong></span> <span class='ocrx_word' id='word_1_191' title='bbox 850 2284 923 2343; x_wconf 88' lang='lat' dir='ltr'><strong>alter</strong></span> <span class='ocrx_word' id='word_1_192' title='bbox 940 2299 1036 2342; x_wconf 89' lang='lat' dir='ltr'><strong>coram</strong></span> 
     </span>
     <span class='ocr_line' id='line_1_26' title="bbox 10 2363 1036 2452; baseline -0.004 -24"><span class='ocrx_word' id='word_1_193' title='bbox 10 2428 33 2452; x_wconf 34' lang='grc' dir='ltr'><strong>,ι</strong></span> <span class='ocrx_word' id='word_1_194' title='bbox 41 2366 249 2447; x_wconf 84' lang='lat' dir='ltr'><strong>exprobraret,</strong></span> <span class='ocrx_word' id='word_1_195' title='bbox 266 2376 391 2443; x_wconf 90' lang='lat' dir='ltr'><strong>ceteros,</strong></span> <span class='ocrx_word' id='word_1_196' title='bbox 408 2369 484 2446; x_wconf 87' lang='lat' dir='ltr'><strong>quod</strong></span> <span class='ocrx_word' id='word_1_197' title='bbox 499 2369 620 2447; x_wconf 89' lang='lat' dir='ltr'><strong>polliciti</strong></span> <span class='ocrx_word' id='word_1_198' title='bbox 637 2370 692 2428; x_wconf 91' lang='lat' dir='ltr'><strong>sint</strong></span> <span class='ocrx_word' id='word_1_199' title='bbox 709 2368 791 2428; x_wconf 89' lang='lat' dir='ltr'><strong>tarde</strong></span> <span class='ocrx_word' id='word_1_200' title='bbox 808 2376 968 2446; x_wconf 87' lang='lat' dir='ltr'><strong>praestare,</strong></span> <span class='ocrx_word' id='word_1_201' title='bbox 984 2363 1036 2424; x_wconf 93' lang='lat' dir='ltr'><strong>sed</strong></span> 
     </span>
     <span class='ocr_line' id='line_1_27' title="bbox 33 2448 1034 2531; baseline -0.003 -21"><span class='ocrx_word' id='word_1_202' title='bbox 33 2454 149 2531; x_wconf 90' lang='lat' dir='ltr'><strong>ipsum,</strong></span> <span class='ocrx_word' id='word_1_203' title='bbox 166 2448 241 2527; x_wconf 86' lang='lat' dir='ltr'><strong>quod</strong></span> <span class='ocrx_word' id='word_1_204' title='bbox 259 2459 388 2528; x_wconf 87' lang='lat' dir='ltr'><strong>praestet</strong></span> <span class='ocrx_word' id='word_1_205' title='bbox 404 2452 484 2512; x_wconf 91' lang='lat' dir='ltr'><strong>tarde</strong></span> <span class='ocrx_word' id='word_1_206' title='bbox 500 2452 644 2531; x_wconf 86' lang='lat' dir='ltr'><strong>polliceri.</strong></span> <span class='ocrx_word' id='word_1_207' title='bbox 670 2451 797 2512; x_wconf 82' lang='lat' dir='ltr'><strong>Tandem</strong></span> <span class='ocrx_word' id='word_1_208' title='bbox 813 2451 893 2529; x_wconf 86' lang='lat' dir='ltr'><strong>qnasi</strong></span> <span class='ocrx_word' id='word_1_209' title='bbox 907 2457 1034 2525; x_wconf 86' lang='lat' dir='ltr'><strong>coactus,</strong></span> 
     </span>
     <span class='ocr_line' id='line_1_28' title="bbox 40 2533 1033 2614; baseline -0.003 -20"><span class='ocrx_word' id='word_1_210' title='bbox 40 2544 68 2594; x_wconf 89' lang='lat' dir='ltr'><strong>et</strong></span> <span class='ocrx_word' id='word_1_211' title='bbox 90 2550 215 2613; x_wconf 88' lang='lat' dir='ltr'><strong>querens</strong></span> <span class='ocrx_word' id='word_1_212' title='bbox 236 2533 382 2593; x_wconf 79' lang='lat' dir='ltr'><strong>mineram</strong></span> <span class='ocrx_word' id='word_1_213' title='bbox 403 2542 432 2594; x_wconf 88' lang='lat' dir='ltr'><strong>et</strong></span> <span class='ocrx_word' id='word_1_214' title='bbox 450 2554 614 2598; x_wconf 77' lang='lat' dir='ltr'><strong>onerosam</strong></span> <span class='ocrx_word' id='word_1_215' title='bbox 629 2535 749 2614; x_wconf 74' lang='lat' dir='ltr'><strong>iniungi</strong></span> <span class='ocrx_word' id='word_1_216' title='bbox 767 2533 829 2594; x_wconf 79' lang='lat' dir='ltr'><strong>sibi</strong></span> <span class='ocrx_word' id='word_1_217' title='bbox 849 2533 1033 2608; x_wconf 77' lang='lat' dir='ltr'><strong>servitutem,</strong></span> 
     </span>
     <span class='ocr_line' id='line_1_29' title="bbox 38 2618 1035 2699; baseline -0.005 -21"><span class='ocrx_word' id='word_1_218' title='bbox 38 2618 153 2696; x_wconf 89' lang='lat' dir='ltr'><strong>recepit</strong></span> <span class='ocrx_word' id='word_1_219' title='bbox 171 2619 332 2694; x_wconf 89' lang='lat' dir='ltr'><strong>imperium;</strong></span> <span class='ocrx_word' id='word_1_220' title='bbox 353 2636 408 2677; x_wconf 88' lang='lat' dir='ltr'><strong>nec</strong></span> <span class='ocrx_word' id='word_1_221' title='bbox 424 2627 517 2679; x_wconf 90' lang='lat' dir='ltr'><strong>tamen</strong></span> <span class='ocrx_word' id='word_1_222' title='bbox 534 2620 626 2695; x_wconf 88' lang='lat' dir='ltr'><strong>aliter,</strong></span> <span class='ocrx_word' id='word_1_223' title='bbox 642 2637 725 2699; x_wconf 90' lang='lat' dir='ltr'><strong>quam</strong></span> <span class='ocrx_word' id='word_1_224' title='bbox 741 2627 771 2677; x_wconf 92' lang='lat' dir='ltr'><strong>ut</strong></span> <span class='ocrx_word' id='word_1_225' title='bbox 793 2618 988 2695; x_wconf 89' lang='lat' dir='ltr'><strong>depositurum</strong></span> <span class='ocrx_word' id='word_1_226' title='bbox 1003 2633 1035 2674; x_wconf 90' lang='lat' dir='ltr'><strong>se</strong></span> 
     </span>
     <span class='ocr_line' id='line_1_30' title="bbox 39 2695 1038 2781; baseline -0.006 -20"><span class='ocrx_word' id='word_1_227' title='bbox 39 2700 210 2780; x_wconf 88' lang='lat' dir='ltr'><strong>quandoque</strong></span> <span class='ocrx_word' id='word_1_228' title='bbox 226 2718 307 2778; x_wconf 90' lang='lat' dir='ltr'><strong>spem</strong></span> <span class='ocrx_word' id='word_1_229' title='bbox 322 2700 442 2760; x_wconf 88' lang='lat' dir='ltr'><strong>faceret.</strong></span> <span class='ocrx_word' id='word_1_230' title='bbox 457 2701 550 2781; x_wconf 92' lang='lat' dir='ltr'><strong>Ipsius</strong></span> <span class='ocrx_word' id='word_1_231' title='bbox 565 2703 655 2764; x_wconf 88' lang='lat' dir='ltr'><strong>verba</strong></span> <span class='ocrx_word' id='word_1_232' title='bbox 670 2711 749 2762; x_wconf 91' lang='lat' dir='ltr'><strong>sunt:</strong></span> <span class='ocrx_word' id='word_1_233' title='bbox 771 2701 851 2761; x_wconf 87' lang='lat' dir='ltr'><strong>Dum</strong></span> <span class='ocrx_word' id='word_1_234' title='bbox 861 2698 983 2760; x_wconf 79' lang='lat' dir='ltr'><strong>nenium</strong></span> <span class='ocrx_word' id='word_1_235' title='bbox 994 2695 1038 2756; x_wconf 86' lang='lat' dir='ltr'><strong>od</strong></span> 
     </span>
     <span class='ocr_line' id='line_1_31' title="bbox 10 2779 1035 2865; baseline -0.006 -19"><span class='ocrx_word' id='word_1_236' title='bbox 10 2785 72 2846; x_wconf 79' lang='lat' dir='ltr'><strong>oid</strong></span> <span class='ocrx_word' id='word_1_237' title='bbox 96 2791 231 2861; x_wconf 80' lang='lat' dir='ltr'><strong>tempus,</strong></span> <span class='ocrx_word' id='word_1_238' title='bbox 258 2800 315 2861; x_wconf 84' lang='lat' dir='ltr'><strong>quo</strong></span> <span class='ocrx_word' id='word_1_239' title='bbox 337 2782 426 2844; x_wconf 80' lang='lat' dir='ltr'><strong>cobis</strong></span> <span class='ocrx_word' id='word_1_240' title='bbox 442 2803 571 2864; x_wconf 84' lang='lat' dir='ltr'><strong>aequum</strong></span> <span class='ocrx_word' id='word_1_241' title='bbox 585 2786 688 2865; x_wconf 77' lang='lat' dir='ltr'><strong>possit</strong></span> <span class='ocrx_word' id='word_1_242' title='bbox 700 2784 803 2846; x_wconf 65' lang='lat' dir='ltr'><strong>cidem</strong></span> <span class='ocrx_word' id='word_1_243' title='bbox 814 2783 893 2844; x_wconf 82' lang='lat' dir='ltr'><strong>dore</strong></span> <span class='ocrx_word' id='word_1_244' title='bbox 906 2800 964 2843; x_wconf 82' lang='lat' dir='ltr'><strong>coc</strong></span> <span class='ocrx_word' id='word_1_245' title='bbox 978 2779 1035 2840; x_wconf 85' lang='lat' dir='ltr'><strong>oli·</strong></span> 
     </span>
     <span class='ocr_line' id='line_1_32' title="bbox 35 2866 545 2948; baseline -0.002 -18"><span class='ocrx_word' id='word_1_246' title='bbox 35 2886 132 2948; x_wconf 82' lang='lat' dir='ltr'><strong>quam</strong></span> <span class='ocrx_word' id='word_1_247' title='bbox 147 2866 293 2927; x_wconf 69' lang='lat' dir='ltr'><strong>senectute·</strong></span> <span class='ocrx_word' id='word_1_248' title='bbox 304 2884 389 2926; x_wconf 85' lang='lat' dir='ltr'><strong>meuc</strong></span> <span class='ocrx_word' id='word_1_249' title='bbox 402 2869 545 2947; x_wconf 83' lang='lat' dir='ltr'><strong>requiem.</strong></span> 
     </span>
    </p>

    <p class='ocr_par' dir='ltr' id='par_1_8' title="bbox 29 2946 1081 3194">
     <span class='ocr_line' id='line_1_33' title="bbox 103 2946 1081 3030; baseline -0.002 -18"><span class='ocrx_word' id='word_1_250' title='bbox 103 2949 261 3012; x_wconf 79' lang='lat' dir='ltr'><strong>Cunctandi</strong></span> <span class='ocrx_word' id='word_1_251' title='bbox 285 2968 371 3010; x_wconf 82' lang='lat' dir='ltr'><strong>causa</strong></span> <span class='ocrx_word' id='word_1_252' title='bbox 389 2960 450 3011; x_wconf 87' lang='lat' dir='ltr'><strong>erat</strong></span> <span class='ocrx_word' id='word_1_253' title='bbox 473 2962 565 3012; x_wconf 88' lang='lat' dir='ltr'><strong>metus</strong></span> <span class='ocrx_word' id='word_1_254' title='bbox 579 2952 704 3030; x_wconf 88' lang='lat' dir='ltr'><strong>undiquc</strong></span> <span class='ocrx_word' id='word_1_255' title='bbox 721 2950 925 3010; x_wconf 88' lang='lat' dir='ltr'><strong>imminentium</strong></span> <span class='ocrx_word' id='word_1_256' title='bbox 939 2946 1081 3010; x_wconf 65' lang='lat' dir='ltr'><strong>discribi</strong></span> 
     </span>
     <span class='ocr_line' id='line_1_34' title="bbox 31 3029 1039 3111; baseline -0.008 -15"><span class='ocrx_word' id='word_1_257' title='bbox 31 3038 165 3110; x_wconf 86' lang='lat' dir='ltr'><strong>minum,</strong></span> <span class='ocrx_word' id='word_1_258' title='bbox 184 3042 214 3092; x_wconf 95' lang='lat' dir='ltr'><strong>ut</strong></span> <span class='ocrx_word' id='word_1_259' title='bbox 232 3050 322 3110; x_wconf 88' lang='lat' dir='ltr'><strong>saepe</strong></span> <span class='ocrx_word' id='word_1_260' title='bbox 345 3032 449 3111; x_wconf 81' lang='lat' dir='ltr'><strong>lupum</strong></span> <span class='ocrx_word' id='word_1_261' title='bbox 463 3052 497 3095; x_wconf 79' lang='lat' dir='ltr'><strong>ec</strong></span> <span class='ocrx_word' id='word_1_262' title='bbox 512 3034 641 3096; x_wconf 78' lang='lat' dir='ltr'><strong>auribus</strong></span> <span class='ocrx_word' id='word_1_263' title='bbox 656 3042 759 3096; x_wconf 83' lang='lat' dir='ltr'><strong>tenere</strong></span> <span class='ocrx_word' id='word_1_264' title='bbox 772 3033 892 3092; x_wconf 91' lang='lat' dir='ltr'><strong>diceret.</strong></span> <span class='ocrx_word' id='word_1_265' title='bbox 923 3029 996 3090; x_wconf 91' lang='lat' dir='ltr'><strong>Nam</strong></span> <span class='ocrx_word' id='word_1_266' title='bbox 1010 3037 1039 3088; x_wconf 90' lang='lat' dir='ltr'><strong>et</strong></span> 
     </span>
     <span class='ocr_line' id='line_1_35' title="bbox 29 3114 1039 3194; baseline -0.005 -18"><span class='ocrx_word' id='word_1_267' title='bbox 29 3136 144 3180; x_wconf 91' lang='lat' dir='ltr'><strong>servus</strong></span> <span class='ocrx_word' id='word_1_268' title='bbox 159 3117 310 3193; x_wconf 80' lang='lat' dir='ltr'><strong>Agrippae</strong></span> <span class='ocrx_word' id='word_1_269' title='bbox 327 3114 463 3194; x_wconf 84' lang='lat' dir='ltr'><strong>Clemens</strong></span> <span class='ocrx_word' id='word_1_270' title='bbox 476 3121 589 3178; x_wconf 93' lang='lat' dir='ltr'><strong>nomine</strong></span> <span class='ocrx_word' id='word_1_271' title='bbox 603 3135 663 3178; x_wconf 91' lang='lat' dir='ltr'><strong>non</strong></span> <span class='ocrx_word' id='word_1_272' title='bbox 677 3114 913 3176; x_wconf 86' lang='lat' dir='ltr'><strong>contemnendam</strong></span> <span class='ocrx_word' id='word_1_273' title='bbox 928 3130 1039 3174; x_wconf 91' lang='lat' dir='ltr'><strong>manum</strong></span> 
     </span>
    </p>

    <p class='ocr_par' dir='ltr' id='par_1_9' title="bbox 10 3197 1039 3598">
     <span class='ocr_line' id='line_1_36' title="bbox 10 3197 1038 3278; baseline -0.005 -18"><span class='ocrx_word' id='word_1_274' title='bbox 10 3203 63 3263; x_wconf 80' lang='lat' dir='ltr'><strong>tin</strong></span> <span class='ocrx_word' id='word_1_275' title='bbox 81 3201 221 3261; x_wconf 92' lang='lat' dir='ltr'><strong>ultionem</strong></span> <span class='ocrx_word' id='word_1_276' title='bbox 238 3198 342 3258; x_wconf 89' lang='lat' dir='ltr'><strong>domini</strong></span> <span class='ocrx_word' id='word_1_277' title='bbox 359 3211 551 3278; x_wconf 88' lang='lat' dir='ltr'><strong>compararat,</strong></span> <span class='ocrx_word' id='word_1_278' title='bbox 568 3209 596 3261; x_wconf 87' lang='lat' dir='ltr'><strong>et</strong></span> <span class='ocrx_word' id='word_1_279' title='bbox 610 3200 641 3260; x_wconf 87' lang='lat' dir='ltr'><strong>L.</strong></span> <span class='ocrx_word' id='word_1_280' title='bbox 659 3199 827 3260; x_wconf 91' lang='lat' dir='ltr'><strong>Scribonius</strong></span> <span class='ocrx_word' id='word_1_281' title='bbox 844 3197 914 3257; x_wconf 89' lang='lat' dir='ltr'><strong>Libo</strong></span> <span class='ocrx_word' id='word_1_282' title='bbox 930 3199 974 3256; x_wconf 86' lang='lat' dir='ltr'><strong>uir</strong></span> <span class='ocrx_word' id='word_1_283' title='bbox 987 3212 1038 3255; x_wconf 93' lang='lat' dir='ltr'><strong>no·</strong></span> 
     </span>
     <span class='ocr_line' id='line_1_37' title="bbox 25 3279 1039 3362; baseline -0.012 -14"><span class='ocrx_word' id='word_1_284' title='bbox 25 3283 107 3347; x_wconf 89' lang='lat' dir='ltr'><strong>bilis</strong></span> <span class='ocrx_word' id='word_1_285' title='bbox 123 3303 171 3344; x_wconf 88' lang='lat' dir='ltr'><strong>res</strong></span> <span class='ocrx_word' id='word_1_286' title='bbox 186 3300 277 3344; x_wconf 88' lang='lat' dir='ltr'><strong>novas</strong></span> <span class='ocrx_word' id='word_1_287' title='bbox 296 3282 368 3342; x_wconf 90' lang='lat' dir='ltr'><strong>clam</strong></span> <span class='ocrx_word' id='word_1_288' title='bbox 383 3283 572 3359; x_wconf 92' lang='lat' dir='ltr'><strong>moliebatur,</strong></span> <span class='ocrx_word' id='word_1_289' title='bbox 592 3292 622 3343; x_wconf 90' lang='lat' dir='ltr'><strong>et</strong></span> <span class='ocrx_word' id='word_1_290' title='bbox 637 3283 745 3362; x_wconf 85' lang='lat' dir='ltr'><strong>duplex</strong></span> <span class='ocrx_word' id='word_1_291' title='bbox 762 3281 863 3341; x_wconf 88' lang='lat' dir='ltr'><strong>seditio</strong></span> <span class='ocrx_word' id='word_1_292' title='bbox 879 3280 995 3341; x_wconf 90' lang='lat' dir='ltr'><strong>militum</strong></span> <span class='ocrx_word' id='word_1_293' title='bbox 1011 3279 1039 3337; x_wconf 95' lang='lat' dir='ltr'><strong>in</strong></span> 
     </span>
     <span class='ocr_line' id='line_1_38' title="bbox 24 3363 1039 3444; baseline -0.01 -13"><span class='ocrx_word' id='word_1_294' title='bbox 24 3364 161 3444; x_wconf 75' lang='lat' dir='ltr'><strong>Illyrico</strong></span> <span class='ocrx_word' id='word_1_295' title='bbox 180 3378 208 3428; x_wconf 83' lang='lat' dir='ltr'><strong>ct</strong></span> <span class='ocrx_word' id='word_1_296' title='bbox 223 3369 251 3426; x_wconf 95' lang='lat' dir='ltr'><strong>in</strong></span> <span class='ocrx_word' id='word_1_297' title='bbox 267 3364 417 3425; x_wconf 85' lang='lat' dir='ltr'><strong>Germania</strong></span> <span class='ocrx_word' id='word_1_298' title='bbox 433 3376 534 3426; x_wconf 86' lang='lat' dir='ltr'><strong>exorta</strong></span> <span class='ocrx_word' id='word_1_299' title='bbox 549 3376 602 3426; x_wconf 88' lang='lat' dir='ltr'><strong>est.</strong></span> <span class='ocrx_word' id='word_1_300' title='bbox 631 3364 815 3443; x_wconf 84' lang='lat' dir='ltr'><strong>Flagitabant</strong></span> <span class='ocrx_word' id='word_1_301' title='bbox 831 3363 912 3424; x_wconf 91' lang='lat' dir='ltr'><strong>ambo</strong></span> <span class='ocrx_word' id='word_1_302' title='bbox 928 3363 1039 3424; x_wconf 84' lang='lat' dir='ltr'><strong>exerci-</strong></span> 
     </span>
     <span class='ocr_line' id='line_1_39' title="bbox 24 3445 1039 3528; baseline -0.008 -16"><span class='ocrx_word' id='word_1_303' title='bbox 24 3459 84 3513; x_wconf 85' lang='lat' dir='ltr'><strong>tus</strong></span> <span class='ocrx_word' id='word_1_304' title='bbox 102 3451 189 3512; x_wconf 87' lang='lat' dir='ltr'><strong>multa</strong></span> <span class='ocrx_word' id='word_1_305' title='bbox 204 3456 286 3510; x_wconf 85' lang='lat' dir='ltr'><strong>extra</strong></span> <span class='ocrx_word' id='word_1_306' title='bbox 303 3449 442 3527; x_wconf 89' lang='lat' dir='ltr'><strong>ordinem,</strong></span> <span class='ocrx_word' id='word_1_307' title='bbox 459 3459 524 3510; x_wconf 88' lang='lat' dir='ltr'><strong>ante</strong></span> <span class='ocrx_word' id='word_1_308' title='bbox 539 3451 632 3510; x_wconf 91' lang='lat' dir='ltr'><strong>omnia</strong></span> <span class='ocrx_word' id='word_1_309' title='bbox 650 3458 680 3508; x_wconf 90' lang='lat' dir='ltr'><strong>ut</strong></span> <span class='ocrx_word' id='word_1_310' title='bbox 698 3457 886 3528; x_wconf 90' lang='lat' dir='ltr'><strong>aequarentur</strong></span> <span class='ocrx_word' id='word_1_311' title='bbox 898 3445 1039 3528; x_wconf 85' lang='lat' dir='ltr'><strong>stipendio</strong></span> 
     </span>
     <span class='ocr_line' id='line_1_40' title="bbox 92 3535 875 3598; baseline -0.01 0"><span class='ocrx_word' id='word_1_312' title='bbox 92 3555 248 3598; x_wconf 82' lang='lat' dir='ltr'><strong>sunronrus.</strong></span> <span class='ocrx_word' id='word_1_313' title='bbox 857 3535 875 3590; x_wconf 88' lang='lat'><strong>7</strong></span> 
     </span>
    </p>
   </div>
   <div class='ocr_carea' id='block_1_3' title="bbox 0 0 1141 3930">
    <p class='ocr_par' dir='ltr' id='par_1_10' title="bbox 0 0 1141 3930">
     <span class='ocr_line' id='line_1_41' title="bbox 0 0 1141 3930; baseline 0 0"><span class='ocrx_word' id='word_1_314' title='bbox 0 0 1141 3930; x_wconf 95' lang='lat' dir='ltr'><strong> </strong></span> 
     </span>
    </p>
   </div>
  </div>
 </body>
</html>
