2256 3930
206 665 252 750 0.
282 669 522 752 SUETONI
550 671 889 761 TRANQUILLI

70 847 189 948 DE
241 850 472 950 VITA
529 852 1046 962 CAESARUM·

464 1027 600 1092 irisan
619 1006 650 1094 rq

358 1187 523 1259 mvus
559 1189 753 1267 IULIUS.

492 1343 625 1379 *iiiii*

125 1481 270 1531 Suetonius
285 1482 325 1530 ait
341 1482 369 1531 in
380 1482 440 1532 vita
453 1483 595 1544 Caesaris,
613 1501 745 1550 responsu
756 1501 816 1536 esse
832 1487 897 1536 data
910 1504 958 1552 per
970 1491 1057 1537 totum

55 1565 163 1626 orbem,
178 1565 256 1613 nasei
269 1565 402 1616 invictum
416 1566 616 1629 imperatorem.

525 1668 638 1724 Seruius
654 1671 692 1724 ud
716 1669 795 1740 Vcrq.
814 1670 882 1724 Aen.
900 1673 930 1734 6,
952 1673 1015 1725 799.

491 1859 625 1893 *ils*

10 1970 41 2044 ν’
104 1993 107 1997 .

121 2048 234 2107 Annum
258 2067 349 2124 agens
364 2060 476 2113 sextum
498 2049 637 2109 decimum
654 2060 764 2128 patrem
780 2050 887 2116 amisit;
914 2047 1084 2126 sequenti-l

59 2131 172 2209 busque
189 2131 355 2191 consulibus
366 2133 469 2193 flamen
483 2134 573 2193 Dialis
589 2134 764 2209 destinatus,
781 2132 896 2191 dimissa
913 2130 1057 2211 Cossutia,

18 2237 47 2278 ro
59 2233 134 2293 quae
151 2215 258 2275 familia
270 2219 396 2294 equestri
412 2216 464 2276 sed
479 2217 630 2276 admodum
642 2217 723 2276 dives
736 2225 916 2294 praetextato
932 2215 1057 2294 despon-

58 2308 120 2358 sata
142 2298 253 2374 luerat,
278 2298 441 2360 Corneliam
465 2299 572 2360 Cinnae
595 2310 696 2378 quater
718 2299 845 2360 consulis
870 2299 956 2359 liliam
978 2300 1059 2360 duxit

56 2399 197 2456 uxorem,
220 2400 257 2441 ex
273 2400 328 2460 qua
343 2384 383 2443 illi
403 2402 471 2444 mox
486 2384 557 2445 Iulia
572 2394 638 2443 nata
655 2393 713 2452 est;
738 2401 833 2462 neque
848 2392 878 2442 ut
893 2384 1058 2461 repudiaret

191 2467 197 2480 '
246 2465 384 2527 dictatore
401 2468 480 2527 Sulla
500 2467 659 2527 ullomodo
674 2468 775 2545 potuit.
805 2468 901 2542 Quare
916 2476 946 2526 et
960 2484 1056 2527 sacer·

52 2559 129 2621 dolio
142 2569 168 2620 ei
180 2579 234 2622 iio
269 2551 293 2608 is
305 2549 371 2610 dote
384 2560 412 2610 et
423 2551 567 2628 gentilicis
581 2551 787 2610 hereditatibus
799 2551 948 2636 inuitatus,
961 2551 1056 2609 diver-

15 2662 144 2706 assarum
156 2645 244 2722 partiu
302 2633 470 2712 habebatur,
483 2644 511 2694 ut
525 2636 609 2694 etiam
622 2634 773 2694 discedere
784 2653 800 2693 e
812 2633 907 2693 rnedio
921 2643 949 2692 et
960 2651 1057 2711 quam-

53 2746 134 2806 quam
149 2727 248 2789 morbo
265 2747 282 2807 q
319 2728 434 2780 artanae
450 2719 625 2796 adgravante
639 2736 734 2798 prope
749 2736 803 2797 per
815 2717 943 2794 singulas
955 2726 1058 2776 noctes

53 2820 223 2872 commutare
244 2811 298 2872 late
336 2821 383 2862 ras
401 2811 572 2880 cogeretur,
597 2821 687 2880 seque
708 2801 743 2861 ab
768 2800 984 2879 inquisitoribus
1008 2817 1057 2877 pe·

53 2896 134 2955 cunia
155 2895 305 2956 redimeret
353 2885 447 2946 donec
469 2905 522 2965 per
542 2886 670 2962 virgines
693 2885 846 2960 Vestales,
867 2901 978 2962 perque
999 2883 1057 2942 llla·

52 2997 178 3039 meicum
191 2978 311 3040 Aemilii
370 2977 399 3029 et
414 2968 561 3028 Aurelium
579 2968 691 3029 Cottam
707 2969 890 3047 propinquos
905 2976 934 3025 et
949 2967 1058 3025 adfines

16 3086 42 3129 20
53 3081 121 3123 suos
137 3064 248 3122 veniam
264 3064 319 3141 imp
352 3055 446 3112 travit.
473 3053 548 3111 Satis
561 3061 673 3112 constat
689 3052 811 3127 Sullam,
825 3069 888 3110 curn
900 3050 1057 3127 deprecan-

52 3147 127 3207 iihus
151 3146 314 3206 amicissimi
365 3144 393 3195 et
413 3136 600 3196 ornatissimis
615 3136 684 3194 viris
705 3135 867 3212 aliquandiu
884 3133 1059 3210 denegasset

10 3212 12 3224 ’
52 3240 138 3310 arque
150 3229 194 3302 illi
209 3230 305 3309 pertin
331 3220 403 3281 citer
415 3218 641 3295 contenderent,
658 3227 852 3296 expugnatum
867 3217 979 3276 tandem
993 3233 1058 3294 pro·

53 3314 213 3390 clamasse,
239 3313 303 3372 sive
352 3305 466 3363 irinitus
488 3303 549 3362 sive
572 3303 667 3380 aliqua
696 3304 877 3377 coniectura,
905 3301 1059 3360 vincerent

52 3415 91 3459 ao
102 3396 166 3459 sibi
180 3386 440 3470 haberentpdum
449 3385 667 3448 madescebant
681 3403 762 3462 eum,
780 3403 865 3464 quem
880 3384 1059 3444 incolumem

51 3489 137 3544 tanto
166 3498 265 3561 oper-e
293 3470 455 3557 cuperent,
485 3469 668 3550 quandoque
688 3467 1058 3613 optimatiwpyartibcc,
