2286 3944
416 211 623 260 PRAEFATIO.
875 213 966 261 XXIII

118 372 306 429 blemmiannm
317 371 443 428 codicem
457 371 574 427 omnium
588 371 634 442 qui
651 379 768 428 aetatem
784 371 906 427 tulerunt
921 372 963 428 in-

56 455 233 528 tegerrimum
249 472 329 523 esse,
350 457 384 511 ab
402 455 483 511 initio
507 471 601 510 omnes
624 454 823 510 intellexerunt
839 461 866 510 et
882 473 965 527 prae-

56 541 231 597 dicaverunt.
277 538 333 594 Sed
356 545 445 595 tamen
467 539 618 595 cavendum
636 543 729 594 estne
752 538 861 594 nimiam
877 540 912 595 da
928 555 963 595 eo

56 622 296 696 exspectationem
317 622 506 695 concipiamus
529 628 558 677 et
578 621 701 692 reliquos
722 638 790 693 prae
811 639 845 678 eo
869 639 964 679 omnes

56 713 272 763 contemnamus.
317 704 417 762 Errant
438 706 510 761 enim
532 722 592 760 cuna
612 705 750 761 Richardo
768 706 894 761 Bentleio
917 707 963 778 qui

58 789 245 846 Suetonianos
271 789 384 846 codices
409 790 444 845 ad
469 807 549 846 unum
578 805 673 845 omnes
695 805 731 843 ex
753 790 807 844 hoc
830 795 963 860 tamquam

57 871 189 945 primario
206 879 321 944 parente
336 879 415 929 natos
434 875 590 929 voluerunt.
636 872 674 927 lla
690 870 785 942 opinio
803 872 873 928 adeo
893 873 962 928 lulsa

58 962 102 1012 est
121 961 151 1010 ut
170 972 204 1011 ne
221 973 300 1011 unum
317 957 427 1028 quidem
447 956 564 1026 librum,
589 963 664 1010 certe
692 970 788 1009 eorum
809 954 964 1027 dequibus

58 1044 181 1108 constat,
203 1039 288 1096 liceat
309 1057 344 1096 ex
362 1056 396 1096 eo
413 1040 580 1112 descriptum
603 1039 706 1094 dicere.
753 1039 870 1094 Laborat
894 1039 965 1094 enlm

57 1123 133 1180 vitiis
157 1123 338 1193 quibusdam,
367 1140 482 1194 quorum
508 1122 595 1178 ceteri
622 1121 688 1178 libri
714 1138 809 1178 omnes
832 1129 964 1194 expertes

55 1213 126 1262 sunt.
171 1206 219 1261 Sic
234 1209 384 1264 verborum
405 1208 468 1279 plus
483 1206 608 1263 minusve
631 1224 658 1278 p.
678 1211 729 1275 38,
752 1211 785 1264 16
809 1208 879 1260 uctto
894 1221 965 1276 per.-

54 1308 82 1362 p.
101 1296 147 1359 58,
163 1295 197 1347 14
210 1292 315 1363 ursum
334 1308 362 1361 p.
372 1296 433 1360 169,
449 1296 481 1349 l9
495 1291 605 1362 imperii
615 1295 713 1361 quarto
729 1290 848 1350 demina:
862 1306 889 1360 p.
904 1295 964 1359 193,

53 1379 89 1433 38
110 1390 213 1445 mapnn
237 1374 292 1428 iam
307 1374 434 1428 ordinum
454 1373 612 1446 frequentia
629 1376 677 1430 cicc
698 1378 827 1443 repertae
843 1372 968 1444 Capitolii

15 1449 18 1452 ’
53 1458 162 1526 claues,
193 1472 257 1511 cum
276 1472 314 1512 ecc
333 1459 472 1518 orationc;
496 1473 523 1528 p.
540 1463 608 1526 211,
627 1462 659 1516 17
676 1459 781 1518 statim·
802 1475 830 1529 p.
847 1462 914 1527 236,
930 1462 965 1514 10

54 1556 90 1594 ac
106 1542 211 1612 mapis;
229 1557 257 1611 p.
274 1545 340 1613 249,
355 1545 387 1599 31
406 1542 609 1612 conspiratione
624 1540 798 1596 desideratur
816 1540 843 1594 in
859 1541 914 1595 boc
929 1540 964 1595 li·
1041 1614 1044 1617 Ι

54 1625 118 1694 bro,
135 1630 275 1695 comparet
293 1624 321 1678 in
336 1623 453 1695 reliquis
468 1623 604 1694 omnibus,
621 1625 695 1695 quod
712 1624 771 1679 lieri
789 1624 864 1678 nullo
880 1629 963 1694 pacto

55 1707 204 1778 potuisset,
220 1706 244 1762 si
258 1706 304 1762 bic
320 1708 393 1764 liber
410 1708 528 1763 omnium
543 1707 624 1777 origo
641 1707 792 1762 communis
809 1713 893 1762 esset.
920 1706 962 1761 Ac

55 1789 81 1845 si
99 1790 160 1861 quis
178 1806 231 1846 non
254 1807 290 1846 ex
311 1791 374 1863 ipso
394 1791 556 1847 Memmiana
578 1791 693 1860 codice,
722 1791 772 1846 sed
795 1807 830 1846 ex
852 1789 962 1860 gemino

54 1873 150 1944 aliquo
168 1873 282 1944 eiusque
301 1874 438 1930 simillimo
457 1875 582 1946 requuos
598 1874 779 1930 descendisse
794 1873 912 1942 diceret,
928 1889 963 1926 ne

56 1958 81 2012 is
103 1956 213 2028 quidem
241 1964 319 2012 recte
352 1957 498 2013 iudicaret.
543 1959 656 2027 ltlagnus
679 1957 750 2012 enirn
773 1964 817 2013 est
839 1958 963 2011 locorum

56 2053 200 2109 numerus,
216 2039 263 2094 ubi
280 2056 341 2094 curn
356 2040 517 2095 llemmiano
533 2041 609 2095 multi
626 2040 674 2095 alii
691 2040 787 2095 eadem
804 2039 963 2109 corruptela

56 2123 150 2178 allecti
165 2130 237 2178 sunt.
285 2123 332 2179 Sic
347 2123 515 2178 versiculum
536 2123 581 2192 qui
597 2139 623 2192 p.
644 2127 694 2190 22,
718 2127 734 2180 6
750 2123 785 2176 de
802 2122 890 2177 tribus
906 2137 964 2175 me·

55 2205 118 2262 dius
134 2212 191 2276 est,
207 2223 262 2262 non
278 2205 455 2261 Memmianus
472 2205 553 2260 modo
570 2205 619 2259 sed
634 2204 752 2259 Parisini
772 2219 882 2275 qnoque
896 2208 964 2262 5801

56 2295 85 2344 et
100 2295 185 2359 5804,
202 2289 344 2345 Mediceus
362 2289 462 2344 tertius
478 2295 505 2343 et
525 2288 643 2360 aprima
661 2304 740 2344 manu
756 2287 897 2342 llediceus
919 2303 965 2341 se-

55 2373 162 2428 cundus
179 2371 315 2446 (primum
328 2379 395 2446 puto
413 2373 543 2444 scriptum
562 2368 701 2446 oportuit)
718 2371 879 2440 omiserunt,
897 2386 965 2426 eun-

56 2457 118 2511 dem
138 2456 343 2513 vetustissimus
361 2456 471 2528 qnidam
493 2457 658 2528 epitomator
674 2462 702 2511 et
723 2455 841 2511 loannes
864 2454 964 2510 Seres-

54 2539 197 2596 bcriensis
214 2547 247 2611 3,
270 2547 302 2598 14
326 2541 542 2610 ignoraverunt,
569 2540 725 2610 frustraque
747 2538 799 2594 luit
822 2537 963 2594 bentleius

56 2639 117 2677 cum
136 2623 171 2678 ad
184 2623 324 2694 margines
339 2622 493 2678 Memmieni
510 2623 575 2678 libri
590 2623 693 2678 alicubi
713 2622 881 2677 delitescere
897 2635 963 2692 spe-

55 2711 141 2761 raret.
170 2707 272 2762 Verum
290 2723 341 2762 nec
356 2706 510 2762 desiderari
526 2712 620 2777 potest
633 2706 682 2760 ille
699 2704 855 2760 versiculus
872 2701 964 2770 etalii

55 2788 191 2845 librorum
213 2789 311 2861 generi
334 2790 459 2845 debetur.
505 2788 526 2843 E
552 2789 666 2845 diverso
682 2789 768 2844 verba
791 2787 913 2844 insiticia
935 2786 965 2841 in

56 2873 154 2928 bonam
168 2881 288 2945 partem,
305 2889 376 2944 quae
391 2891 417 2944 p.
430 2873 493 2936 131,
510 2879 543 2932 33
561 2872 653 2928 addita
671 2870 783 2926 suntad
799 2870 964 2927 vocabulum

56 2962 143 3028 noros,
159 2957 337 3013 Memmianus
353 2955 473 3026 itemque
486 2951 562 3010 multi
579 2955 626 3010 elii
640 2955 705 3010 libri
722 2954 899 3019 admiserunt,
914 2951 966 3007 sed

57 3046 155 3095 carent
170 3057 204 3097 eo
219 3041 405 3097 additamento
422 3055 482 3094 cum
495 3037 621 3093 blediceo
637 3038 725 3109 primo
744 3043 771 3091 et
787 3036 869 3091 tertio
886 3033 965 3090 aliis-

58 3139 112 3194 que
128 3125 219 3179 multis
235 3124 316 3180 libris
332 3121 470 3178 editiones
487 3138 591 3177 omnes.

118 3207 167 3261 His
183 3207 318 3279 exemplis
335 3205 404 3261 satis
420 3206 635 3260 demonstratum
653 3218 719 3257 esse
735 3201 861 3269 videtur,
884 3200 965 3255 llem·

57 3288 175 3346 mianum
192 3291 317 3347 codicem
332 3305 387 3344 non
403 3305 463 3343 enm
482 3305 556 3357 ease,
572 3287 645 3342 unde
661 3291 798 3354 tamquam
816 3301 831 3339 e
846 3283 965 3355 simplici

57 3371 153 3429 radice
174 3373 345 3445 reliquorum
369 3372 502 3427 librorum
523 3370 637 3426 suboles
654 3373 735 3424 enata
757 3369 802 3423 sit.
846 3368 966 3422 Fuerunt

57 3455 194 3512 animiam
211 3473 284 3513 nono
301 3455 415 3512 saeculo
428 3471 482 3525 quo
501 3454 549 3510 ille
564 3453 684 3525 scriptus
701 3451 809 3508 estetsi
828 3467 883 3508 non
899 3449 966 3507 toti-
