2286 3944
236 218 345 264 nxxw
575 215 781 266 Pannnnnto.
816 197 819 203 '

240 376 331 432 ionius
354 376 391 432 ita
410 382 521 431 secutus
543 382 602 446 est,
627 381 656 430 ut
671 374 747 431 viros
767 376 852 432 rebus
870 376 989 436 bellicis
1014 381 1141 456 civiliqu

240 459 343 513 virtute
361 460 452 514 claros
475 453 676 530 excluderatV)
699 465 727 512 et
748 460 910 529 salassos,
932 463 983 532 qni
1000 465 1106 524 litteris
1119 485 1143 523 m

243 549 286 598 est
302 543 384 598 libris
407 537 564 598 scribendis
588 541 799 612 inclaruissent,
817 543 1072 622 perscriberet⁵⁷).
1141 574 1143 586 ·

240 633 369 696 quantum
389 625 513 681 iudicare
534 625 618 680 bodie
634 625 717 692 licet,
737 640 807 697 opus
827 626 954 682 condidit
979 630 1038 687 lide
1055 633 1142 690 breri-

241 716 297 764 tatc
313 725 459 779 rerumque
475 709 609 764 varietate
625 708 666 762 sic
683 709 838 777 excellens,
852 715 883 764 ut
898 725 955 766 non
973 716 1142 772 mediocrem

240 792 383 848 doctorum
397 793 535 847 hominum
549 792 673 862 plausum
692 791 786 848 lerret.
817 791 883 847 Nam
895 798 923 846 et
934 792 1069 866 integras
1081 815 1142 856 non·

240 892 383 944 numquam
400 875 471 931 vitas
493 875 556 929 inde
572 875 718 945 decerptas
741 874 884 930 codicibus
903 884 1060 947 poetarum
1078 882 1140 939 alio·

239 975 353 1028 runrquc
373 959 538 1029 scriptorum
559 963 788 1012 commentatores
817 959 948 1014 solebant
974 965 1140 1037 praefigere,

240 1049 267 1097 et
282 1041 468 1111 Hieronymus
483 1040 690 1109 stridonensis,
712 1040 759 1111 qui
782 1040 818 1095 dc
839 1041 1016 1101 doctissimis
1040 1049 1139 1105 vetaris

241 1125 378 1180 ecclesiae
400 1124 561 1199 doctoribus
583 1122 649 1192 tuit,
670 1125 720 1179 has
739 1123 811 1179 ritas
832 1123 901 1179 tanti
918 1124 1008 1198 lecit,
1039 1137 1072 1187 ut
1094 1148 1139 1188 ror

240 1209 322 1263 modo
339 1225 363 1263 a.
381 1214 432 1268 380
457 1207 484 1261 in
501 1206 689 1262 convertendo
713 1207 896 1278 augendoque
918 1207 1043 1269 Eusebii
1067 1216 1139 1272 cbro

240 1291 303 1345 nico
321 1293 420 1346 multas
436 1290 500 1344 inda
516 1289 667 1360 particulas
682 1286 889 1345 ‘curiosissime
906 1295 1084 1368 excerptas’
1099 1299 1138 1355 ιι.

239 1373 385 1442 miscaret‚
401 1374 450 1427 sed
468 1373 550 1427 etiam
567 1390 591 1428 a.
608 1378 658 1431 392
674 1372 702 1426 in
715 1373 844 1443 catalogo
858 1389 908 1428 suo
927 1378 1138 1438 ecclesiastico

240 1471 298 1510 rmn
314 1457 480 1527 scriptorum
498 1457 773 1526 componendo‘hunc
793 1456 967 1527 potissimum
979 1478 1073 1533 ’quem
1087 1463 1138 1525 imi.

240 1543 344 1594 taretur
360 1540 456 1594 ducem
473 1544 501 1592 ct
521 1539 673 1609 exemplum
695 1538 749 1594 sibi
770 1545 899 1595 sumeret.
946 1543 1082 1619 Denique
1097 1546 1138 1604 ali·

241 1627 307 1692 quot
321 1623 437 1693 paginas
451 1621 510 1676 eius
522 1622 616 1692 operis
629 1622 752 1691 integras
769 1639 839 1677 anno
855 1623 971 1680 circiter
986 1634 1061 1689 1452
1072 1630 1137 1688 Ειοι

240 1704 395 1760 Asculanos
412 1720 447 1758 ex
464 1704 626 1760 Germaniae
641 1705 766 1776 partibus
782 1705 810 1759 in
825 1705 930 1762 ltaliam
948 1713 1059 1768 attulit.
1103 1700 1137 1772 ll·

241 1787 342 1842 hellum
365 1787 436 1842 enim
456 1789 492 1843 de
515 1787 703 1842 Grammaticis
727 1793 754 1842 et
778 1788 937 1846 rhetoribus
963 1797 1137 1866 superstitem

240 1870 304 1924 libri
321 1872 354 1926 dc
364 1870 439 1926 Viris
456 1871 610 1926 illustribus
626 1871 788 1941 particulam
803 1887 884 1942 csse,
903 1878 931 1928 et
948 1877 1050 1935 statim
1066 1881 1136 1936 intel·

240 1953 339 2011 lectum
356 1961 414 2023 est,
434 1960 494 2010 uta
512 1954 634 2010 Pontano
649 1970 675 2024 p.
691 1958 757 2024 288,
776 1959 803 2009 et
817 1953 983 2027 Hieronymi
998 1963 1137 2036 excerptis

238 2036 346 2094 abunda
361 2036 543 2109 confirmatur.

304 2123 398 2192 ltaque
428 2121 551 2193 speciem
582 2137 675 2176 eorum
706 2120 838 2176 librorum
869 2137 1048 2184 communem
1076 2130 1137 2187 bant

228 2207 326 2262 'inisse
347 2205 439 2273 dicas,
466 2211 496 2260 ut
518 2204 546 2258 in
568 2202 739 2273 singulorum
761 2203 907 2276 principiis
930 2207 1092 2271 Suetonius
1111 2213 1137 2269 dt

240 2296 298 2344 arte
316 2290 359 2344 vel
377 2287 524 2358 disciplina
541 2292 695 2358 exponeret
708 2287 838 2342 nonnulla
860 2288 1054 2366 coniunctim,
1076 2310 1136 2368 quat

232 2415 441 2428 nau—u———uu—

238 2486 270 2534 de
289 2482 417 2546 Tarquitio
437 2483 487 2531 iam
503 2480 531 2530 G.
552 2484 572 2535 1.
592 2482 698 2532 Vossius
713 2483 777 2533 bene
790 2482 915 2548 exposuit.
953 2483 1136 2554 Antiquissimi

238 2551 359 2601 memoria
377 2551 445 2615 apud
463 2550 604 2615 Vergilium
626 2559 708 2601 exstat
726 2552 868 2602 catalecton
884 2553 915 2612 7,
932 2551 949 2603 3
969 2554 1030 2606 sive
1047 2557 1136 2609 Antho-

240 2622 322 2688 logias
336 2619 429 2683 Meyer.
454 2633 495 2668 no.
509 2619 552 2670 90.

307 2703 352 2767 56)
382 2704 410 2754 ld
429 2713 454 2754 et
478 2703 623 2767 Hieronymi
641 2704 717 2754 verba
740 2712 764 2754 et
786 2705 842 2771 ipsa
866 2704 1014 2770 fragrneuta
1042 2709 1135 2761 donant

238 2774 330 2824 luituris
348 2771 427 2836 igitur
443 2774 497 2823 loco
515 2788 540 2838 p.
557 2772 615 2832 283,
632 2774 645 2824 1
667 2773 709 2836 qui
726 2773 759 2822 de
772 2773 888 2823 Ventidio
905 2773 986 2824 Bttsso
1006 2784 1051 2827 est
1066 2778 1135 2828 Vlne

238 2851 278 2892 tus
305 2849 329 2891 et
354 2840 397 2889 alii
421 2841 492 2891 abusi
516 2849 590 2900 sunt,
623 2849 649 2892 ul
676 2841 708 2890 de
734 2841 839 2891 ducibus
869 2855 968 2905 qnoque
996 2843 1135 2898 illustribus

238 2910 328 2960 librum
349 2907 429 2959 luisse
446 2909 634 2976 persuaderent.
662 2909 746 2958 Nede
763 2909 868 2975 regibus
882 2909 984 2973 quidem
1000 2911 1100 2965 librum
1115 2912 1134 2961 ln

238 2977 378 3027 illustribus
398 2977 485 3039 luisse,
504 2978 573 3028 locus
592 2977 698 3028 Ausonii
712 2977 822 3028 declarat
838 2977 905 3027 inira
922 2993 948 3043 p.
964 2977 1031 3040 303,
1056 2982 1090 3035 19
1105 2980 1135 3031 al·

238 3046 313 3097 iatns.
349 3046 386 3095 De
395 3047 463 3096 Viris
482 3046 627 3106 illustribus,
643 3045 685 3110 qui
703 3045 777 3095 Plinii
796 3046 896 3096 nomine
914 3046 1135 3111 circumferuntur,

240 3113 358 3164 Suetonio
377 3115 477 3165 tributis
495 3113 562 3163 inira
580 3130 596 3179 p
623 3114 664 3164 cll
684 3129 723 3177 sq.
744 3114 835 3167 dicam.

304 3181 352 3245 57)
370 3181 570 3248 Scriptorum
594 3182 728 3232 illustrium
746 3183 830 3246 potius
847 3198 921 3247 quam
937 3183 1066 3238 Virorum
1084 3187 1135 3239 illu·

237 3250 325 3300 strium
344 3251 421 3302 libros
439 3252 573 3315 inscriptos
591 3249 671 3298 luisse
686 3249 792 3300 Vinetus
808 3252 976 3301 arbitrabatur
992 3252 1088 3320 (isque
1101 3254 1135 3307 snl

237 3317 293 3380 ipse
319 3320 462 3380 immemor,
487 3319 529 3382 qni
549 3318 580 3381 de
598 3317 708 3369 Ducibus
726 3333 825 3381 quoque
845 3320 935 3369 librum
954 3323 1135 3389 statuisset)ei

238 3384 400 3436 Casaubonus
416 3387 491 3435 librm
507 3386 624 3434 Virorum
642 3386 673 3433 in
693 3385 815 3436 lit'trit
833 3387 968 3437 mnslrium
987 3391 1134 3456 appellavit,

237 3453 439 3515 uterqurtttm·
478 3483 482 3488 .
524 3468 536 3484 a
573 3452 633 3488 ’1²⁴1
671 3454 745 3496 rarii,
