2286 3944
409 214 439 262 c.
464 215 650 265 obuncans.
971 208 1030 271 143

27 367 206 448 pediticnem
222 368 337 429 assidue
363 370 507 446 gestavit,
529 370 670 430 interdum
695 381 724 432 et
747 371 845 451 Magni
869 372 1027 435 Alexandri

24 452 176 513 thoracem
190 455 344 531 repetitum
359 470 375 511 e
392 452 553 512 conditorio
573 455 644 513 eius.

90 534 136 596 Ex
154 534 314 614 disciplinis
339 534 509 596 liberalibus
532 539 673 597 minimum
699 538 866 618 eruditioni,
888 542 1070 620 eloquor-sa

23 620 83 680 tiae
102 619 253 698 plurimum
279 619 414 696 attendit,
451 623 630 698 quantumvis
651 621 789 681 facundus
814 632 843 683 et
865 635 1025 705 promptus,

9 704 123 783 ‚utique
146 704 170 761 si
188 702 381 783 perorandum
403 704 431 762 in
453 703 577 782 aliquem
601 714 689 764 esset.
733 704 809 765 lrato
834 716 863 766 et
887 708 976 769 verba
997 719 1026 770 et

23 787 186 848 sententiae
208 787 414 866 suppetebant,
439 789 631 865 pronuntiatio
649 806 764 867 quoqne
781 798 809 849 et
824 808 897 867 vox,
928 801 958 852 nt
976 811 1024 852 ne·

23 888 82 951 qne
109 869 212 930 eodem
239 871 298 930 loci
324 889 395 949 prae
421 871 525 930 ardore
553 873 727 931 consisteret
755 881 784 933 et
806 874 1025 937 exaudiretura

23 954 129 1034 procul
147 954 295 1014 stantibus.
340 954 545 1030 Peroratorus,
562 956 740 1016 stricturum
754 973 788 1016 se
802 956 1026 1019 lucubrationis

22 1054 103 1100 tuae
127 1037 217 1098 telum
239 1038 411 1106 minabatnr;
448 1038 541 1098 lenius
568 1041 746 1117 comtiusque
767 1040 911 1101 scribendi
932 1059 1025 1119 genus

9 1121 100 1184 tadeo
117 1129 322 1199 contemnens,
350 1131 381 1181 ut
394 1122 534 1181 Senecam
548 1129 604 1181 tum
619 1124 748 1183 ‘maxime
765 1123 926 1202 placentem
943 1143 1022 1185 com·

22 1204 189 1267 missiones
201 1223 306 1266 meras
325 1222 520 1284 componere,
549 1214 578 1264 et
595 1206 745 1267 buretrum
765 1225 832 1267 esse
851 1209 917 1267 siue
939 1208 1024 1269 cclcc

24 1289 146 1352 diceret.
191 1289 311 1350 Solebat
332 1291 416 1350 etiam
438 1291 589 1368 prosperis
617 1299 762 1350 oratorum
791 1291 951 1351 actionibus
978 1311 1022 1352 re-

23 1372 157 1435 scribere
171 1381 201 1432 et
217 1391 385 1450 magnorum
405 1374 434 1433 in
451 1381 551 1432 senatu
570 1390 685 1433 reorum
705 1377 905 1435 accusationes
924 1375 1022 1435 defen·

24 1459 182 1536 donesque
206 1457 335 1518 meditari
360 1475 411 1535 ac,
438 1465 525 1535 prout
552 1457 633 1516 stilus
660 1467 804 1534 cesserat,
831 1458 877 1518 vel
900 1476 1022 1520 onerare

10 1542 166 1617 sententia
189 1559 240 1602 sua
257 1559 398 1620 quemque
418 1539 466 1600 vel
488 1539 656 1617 sublevare,
686 1543 812 1621 equestri
839 1559 954 1621 quoquo
976 1559 1021 1602 or·

25 1624 90 1687 dinc
104 1624 140 1684 ad
155 1624 322 1684 audiendum
338 1625 457 1685 invitato
472 1642 526 1702 per
541 1624 643 1684 edicta.
883 1670 886 1674 .

87 1707 145 1769 Sed
161 1718 190 1768 et
205 1709 324 1769 aliorum
339 1725 479 1786 generum
493 1715 569 1767 artes
592 1707 799 1768 studiosissime
815 1717 844 1767 et
860 1709 1064 1773 diversissi-ss

24 1812 83 1855 mas
100 1794 240 1852 exercuit.
285 1792 383 1852 Threx
398 1800 427 1851 et
441 1793 554 1868 auriga,
584 1791 658 1850 idem
674 1801 774 1851 cantor
791 1800 875 1871 atquc
891 1793 1020 1870 saltator,
1103 1808 1106 1812 ·

24 1875 174 1939 battuebat
189 1877 369 1956 pugnatoriis
391 1876 491 1952 armis,
522 1874 671 1952 aurigabat
694 1884 825 1934 extructo
846 1874 1021 1953 plurifariam

10 1963 121 2039 pclrco;
155 1959 274 2020 canendi
296 1977 330 2020 ac
351 1959 471 2019 saltandi
493 1959 639 2036 uoluptate
659 1959 697 2018 ita
721 1957 910 2035 efferebatur,
940 1966 970 2016 ut
984 1976 1021 2017 ne

10 2036 149 2127 [publicis
180 2043 293 2123 quidem
320 2042 494 2122 spectaculis
524 2050 698 2119 temperaret
727 2059 783 2119 quo
805 2041 896 2100 minus
916 2049 945 2100 et
966 2049 1020 2101 tra·

10 2127 122 2209 ,goedo
151 2128 343 2206 pronuntianti
370 2127 552 2200 concineret,
582 2133 611 2183 et
634 2133 748 2200 gestum
771 2124 917 2183 histrionis
941 2123 1021 2202 quasi

10 2211 142 2275 'laudans
161 2211 209 2270 vel
231 2212 383 2288 corrigens
403 2210 497 2288 palam
518 2209 682 2284 effingeret.
725 2207 788 2267 Nec
803 2206 858 2267 alia
879 2206 915 2266 de
935 2224 1021 2268 causa

11 2295 137 2367 ¹uidetur
159 2312 196 2355 ec
218 2294 280 2372 dic,
311 2311 367 2374 quo
390 2295 491 2372 periit,
522 2291 705 2370 pervigilium
726 2290 863 2350 indixisse
889 2307 971 2369 quam
991 2298 1022 2349 ut

10 2376 131 2473 turcium
151 2380 179 2438 in
200 2396 316 2439 scenam
336 2376 497 2457 prodeundi
519 2376 634 2453 licentia
660 2374 798 2454 temporis
815 2374 1020 2453 auspicaretur.

10 2461 153 2556 ,Saltabat
173 2471 266 2522 autem
282 2477 492 2538 nonnumquam
514 2461 598 2520 etiam
624 2467 726 2528 noctn;
750 2466 780 2518 et
802 2457 942 2536 qnondam
962 2467 1021 2518 tres

11 2545 194 2625 ,consulares
221 2545 348 2607 secunda
363 2545 463 2621 vigilia
488 2545 517 2603 in
542 2543 679 2604 Palatium
704 2543 814 2602 accitos
830 2542 974 2620 multaque
992 2549 1022 2602 et

11 2628 154 2693 {extrema
173 2631 326 2690 metuentis
349 2646 436 2708 super
462 2627 601 2707 pulpitum
629 2626 811 2702 conlocavit,
847 2624 950 2684 deinde
976 2641 1021 2682 re·

11 2710 112 2795 'pente
127 2731 232 2792 magno
249 2713 380 2775 tibiarum
395 2720 424 2772 et
443 2711 637 2772 scabellorum
656 2711 767 2788 crepitu
783 2726 845 2768 cum
860 2707 937 2786 palla
951 2707 1021 2765 tuni·

11 2817 116 2891 (caque
137 2797 219 2858 talari
241 2797 374 2876 prosiluit
395 2814 430 2857 ac
451 2794 591 2855 desaltato
615 2795 726 2854 cantico
742 2793 835 2854 abiit..
863 2790 958 2867 Atque
976 2787 1023 2847 hic

11 2891 79 2974 ,tam
95 2881 198 2943 docilis
214 2881 249 2941 ad
264 2890 362 2942 cetera
376 2888 476 2940 natare
490 2879 601 2939 nesciit.

11 3018 17 3058 ,
86 2966 213 3042 Quorum
229 2982 301 3025 vero
323 2964 417 3025 studio
435 2972 597 3038 teneretur,
627 2960 757 3020 omnibus
778 2958 813 3018 ad
832 2956 967 3016 insaniam
982 2954 1063 3023 la·55

11 3052 73 3119 ,rit
117 3049 294 3111 Mnesterem
313 3049 515 3128 pantomimum
533 3046 618 3106 etiam
635 3045 709 3103 inter
726 3039 895 3120 spectacula
910 3035 1022 3098 oscula·

11 3130 122 3221 giratur,
152 3151 186 3194 ac
201 3134 225 3194 si
241 3134 288 3212 qui
310 3133 432 3194 saltante
448 3148 484 3191 eo
505 3129 553 3190 vel
570 3128 675 3188 leviter
691 3126 891 3203 obstreperet,
914 3119 1023 3180 detrahi

11 3216 129 3309 plussnm
144 3235 228 3277 manu
243 3235 293 3277 sua
308 3215 483 3294 llagellabat.
500 3270 503 3276 ,
527 3211 626 3290 Equiti
646 3212 681 3271 R.
696 3207 872 3268 tumultuanti
889 3223 943 3284 per
958 3221 1024 3264 cen·

11 3303 165 3388 ,umnam
182 3300 373 3378 denuntiavit,
403 3299 496 3359 abiret
517 3298 578 3357 sine
597 3311 678 3354 mora
695 3292 802 3352 Ostiam
822 3289 1025 3370 perferretque

11 3384 59 3471 ,ad
73 3385 271 3448 Ptolemaeum
286 3402 387 3462 regem
404 3385 432 3442 in
447 3380 642 3442 Mauritaniam
667 3374 819 3436 codicillos
834 3390 919 3442 suos;
953 3387 1023 3450 quc·

11 3484 81 3555 ,mm
100 3467 265 3551 exemplum
282 3478 360 3530 erat:
390 3465 432 3527 lli
445 3483 531 3547 quem
546 3463 624 3525 istoc
638 3459 725 3538 misi,
741 3476 837 3541 neque
853 3454 926 3521 boui
940 3452 1013 3513 uuit·
