2256 3930
168 202 268 264 nxxrr
503 199 710 248 praesumo.

172 360 274 437 aliquis
297 375 416 430 eaquae
435 375 461 430 p.
477 363 635 418 uls—278
657 359 692 414 de
714 357 788 415 ludis
805 359 975 416 Graecorum
993 360 1073 416 oble.

171 442 369 512 otarnentisque
386 440 594 510 convivalibus,
618 448 672 496 tum
688 459 758 513 quae
772 459 800 514 p.
816 447 868 503 282
883 443 919 498 do
935 443 1074 499 conviciis

171 533 200 582 et
214 525 369 581 maledictis
384 524 456 596 apud
473 525 585 580 eosdem
601 525 712 581 usitatis
727 526 815 581 reluta
830 532 902 595 suut,
918 542 1011 597 neque
1023 527 1073 582 du-

170 609 230 666 bito
246 609 311 679 quin
326 607 390 662 milri
409 623 572 663 assensurus
598 608 651 677 sit,
674 624 734 662 cum
754 608 820 664 illos
834 608 948 665 libellos
963 608 1073 665 Graeco

170 707 299 748 sermone
317 690 438 762 scriptos
454 690 541 745 luisse
554 691 658 746 iudico.
702 689 759 746 llec
774 708 825 763 per
839 708 871 748 se
885 691 1073 764 improbabile

171 781 224 846 est,
240 781 357 846 utroque
372 789 498 829 sermone
515 773 663 845 scripsisse
678 774 815 829 hominem
832 775 866 831 ab
884 781 976 830 astute
987 775 1072 831 Fron.

170 858 261 927 tonis,
275 858 423 926 Favorini,
437 857 522 912 blnroi
539 855 671 912 Antonini
686 858 759 912 haud
774 857 813 914 ite
826 859 911 928 longe
927 864 1073 915 remotum.

230 942 261 996 ln
281 942 360 997 libris
376 941 502 996 ludorum
516 941 570 994 boc
586 955 697 1012 quoquo
713 940 780 995 addi
792 957 878 1012 posse
894 940 1018 996 videtur.
1040 940 1071 997 Si

171 1031 201 1079 ut
219 1026 402 1080 Romanorum
421 1023 459 1078 itn
481 1022 648 1078 Graecorum
669 1039 779 1095 quoque
799 1023 880 1080 ludos
896 1023 1075 1095 Tranquillus

170 1108 264 1164 Latine
287 1106 433 1178 exposuit,
457 1122 506 1160 cur
520 1122 573 1160 non
589 1106 683 1176 potius
699 1112 828 1178 quattuor
843 1107 1073 1163 libros‘ludicrae

170 1190 213 1246 rei
228 1189 395 1246 coniunctim
413 1189 517 1257 edidit,
545 1204 659 1259 quorum
679 1190 734 1245 duo
750 1189 935 1259 Graecorum,
956 1190 1075 1248 lotidem

170 1275 350 1330 Romanorum
366 1273 462 1338 ludos,
486 1277 513 1326 et
531 1272 601 1327 alter
618 1273 727 1343 quidem
748 1273 871 1344 pueriles
894 1273 1074 1330 convivales-

170 1374 223 1427 que
238 1357 328 1424 iocos,
345 1356 415 1410 alter
432 1355 581 1410 certamine
596 1372 629 1410 ac
643 1357 803 1427 spectacula
818 1355 930 1428 publica
945 1356 1074 1411 contina·

169 1431 233 1495 ret?
256 1439 312 1494 Sed
335 1439 410 1493 clare
431 1438 558 1492 tradituro
574 1444 632 1507 est,
655 1455 708 1493 nec
728 1454 839 1494 causam
854 1438 1016 1508 ambigendi
1032 1438 1073 1494 ri·

172 1524 239 1591 deo,
263 1538 317 1576 uno
345 1522 419 1587 libro
442 1520 610 1576 Graecorum
635 1522 732 1590 iocos,
753 1522 861 1577 duobus
888 1521 1075 1576 Romanorum

170 1606 328 1677 spectacula
346 1610 373 1658 et
389 1605 538 1660 certamina
556 1604 643 1659 luisse
661 1604 842 1675 exposita,.i.
860 1621 884 1660 e.
900 1605 934 1658 ab
951 1603 1072 1674 origini-

170 1688 222 1744 bus
237 1688 355 1759 repetita
373 1693 400 1742 et
413 1694 537 1742 veterum
556 1687 724 1759 scriptorum
739 1687 906 1742 testimoniis
921 1687 1072 1742 illustrata.

169 1771 264 1842 Neque
280 1771 364 1826 ullum
376 1771 489 1841 reperio
505 1771 726 1841 spectaculorum
741 1768 874 1831 Graeciae
892 1775 1073 1826 tractatorum

169 1854 328 1924 vestigium.
366 1854 433 1907 lnde
449 1853 578 1923 conlrcio,
593 1859 623 1908 ut
636 1853 664 1908 hi
681 1853 754 1907 tituli
768 1870 822 1909 non
838 1869 890 1925 pro
908 1852 992 1908 unius
1009 1869 1072 1908 ccr-

169 1938 248 2010 poris
261 1937 387 2009 partibus
402 1936 566 2005 habeantur,
584 1937 657 2007 quod
672 1935 765 1990 multis
779 1936 900 2007 placuit,
915 1935 967 1991 sed
982 1936 1073 2007 probe

171 2021 384 2091 distinguuntur.
428 2019 552 2074 Alterum
576 2035 647 2090 opus
668 2019 848 2075 monobiblon
866 2018 973 2075 Graece
1002 2018 1075 2074 scri-

169 2111 245 2177 ptum
260 2103 428 2159 Graecorum
443 2094 520 2157 lusus
536 2102 671 2172 iocosque
685 2103 841 2173 tractabat,
866 2104 983 2157 alterum
999 2101 1071 2157 tati-

170 2197 233 2243 num
244 2188 426 2243 Romanorum
440 2183 535 2258 primo‘
547 2186 619 2241 libro
637 2202 695 2239 rem
709 2186 860 2255 scenicam,
876 2184 1002 2241 secundo
1018 2184 1075 2239 cir-

171 2288 271 2327 censes
291 2271 456 2342 explicabat.
502 2268 618 2322 'litulum
634 2285 660 2339 p.
678 2272 740 2337 278,
756 2274 790 2328 36
806 2269 853 2340 qui
869 2267 958 2324 estin
974 2267 1075 2323 libro

172 2355 212 2410 de
234 2369 427 2425 puerorum
450 2351 593 2406 lusibus
614 2357 772 2422 suspectum
794 2353 903 2421 habeo,
926 2365 978 2405 nec
1004 2350 1074 2406 solis

171 2436 327 2508 puerilibus
340 2436 412 2490 ludis
424 2435 523 2488 librum
540 2434 575 2487 de
588 2434 696 2490 duobus
709 2435 824 2489 alterum
839 2435 974 2506 repletum
986 2432 1074 2488 fuisse

173 2519 268 2574 credo.
314 2516 369 2572 Sed
384 2523 472 2571 utrum
490 2515 589 2572 Servio
605 2533 656 2588 pro
672 2519 700 2570 in
716 2517 782 2572 labro
799 2518 975 2573 scribendum
991 2515 1075 2570 luerit

170 2603 198 2656 in
216 2602 320 2670 capite,
339 2617 373 2655 an
389 2600 529 2655 diversum
551 2599 661 2654 omnino
679 2617 693 2655 a
714 2601 906 2672 superioribus
924 2602 980 2654 hoc
1003 2614 1074 2671 opus

170 2685 337 2754 tertiumque
353 2685 387 2738 de
404 2700 435 2738 re
448 2681 556 2736 ludicra
571 2683 747 2759 Tranquillus
763 2684 927 2756 scripserit,
953 2697 1010 2737 non
1025 2683 1073 2736 de·

172 2783 266 2824 cerno.
313 2767 492 2837 Casaubonus
522 2766 555 2819 de
577 2766 747 2821 Graecorum
778 2768 880 2822 lusibus
908 2765 1073 2837 reponebat.

172 2851 300 2907 Ceterum
315 2866 385 2920 opus
401 2850 483 2904 multa
504 2866 595 2903 rerum
612 2849 750 2905 varietate
768 2851 948 2922 conspicuum
963 2847 1073 2902 Tertul-

169 2934 246 2991 liano
269 2940 297 2988 ot
311 2933 438 2988 Diomedi
459 2933 541 2987 etiam
565 2949 619 2988 non
640 2933 814 2989 monentibus
829 2933 891 2988 usui
910 2932 970 2986 luit.
1018 2931 1074 2985 Sed

171 3018 314 3086 nonnulla,
330 3023 359 3071 ut
375 3034 407 3071 ea
420 3033 490 3086 quoe
504 3033 531 3086 p.
542 3020 603 3083 279,
616 3020 649 3073 27
665 3017 699 3070 de
716 3018 862 3087 compluries
877 3014 988 3070 aNumn
1004 3031 1074 3083 rege

171 3102 276 3173 populo
293 3100 365 3156 datis
383 3106 410 3154 et
427 3117 453 3170 p.
468 3105 530 3167 280,
543 3104 577 3157 28
594 3101 627 3154 de
645 3099 755 3169 origine
773 3100 901 3155 vocabuli
916 3100 975 3152 sira
993 3097 1075 3151 nimis

171 3184 319 3254 nugatorie
337 3184 491 3252 traduntur,
510 3183 581 3237 falso
599 3183 633 3236 ad
649 3181 812 3236 Suetonium
827 3188 968 3238 auctorem
986 3181 1074 3235 relata

172 3268 303 3324 arbitror.
349 3268 377 3321 ln
401 3267 496 3321 ultimo
521 3266 609 3320 frusto
627 3282 654 3336 p.
679 3271 746 3333 280,
769 3272 802 3324 36
818 3265 980 3320 vocabulum
1001 3265 1076 3318 uiros

174 3351 313 3405 excidisse
329 3351 453 3413 videtur;
475 3365 527 3402 nec
549 3350 636 3402 minus
656 3349 823 3418 epigramma
840 3347 960 3416 excidit,
982 3347 1074 3416 qualia

172 3433 306 3488 Martialis
321 3441 348 3501 8,
363 3440 405 3492 43.
429 3440 455 3502 9,
473 3438 515 3491 78.
537 3439 580 3501 10,
598 3437 632 3490 43
648 3431 721 3485 lusit.
