<?xml version="1.0" encoding="UTF-8"?>
<!DOCTYPE html PUBLIC "-//W3C//DTD XHTML 1.0 Transitional//EN"
    "http://www.w3.org/TR/xhtml1/DTD/xhtml1-transitional.dtd">
<html xmlns="http://www.w3.org/1999/xhtml" xml:lang="en" lang="en">
 <head>
  <title>
</title>
<meta http-equiv="Content-Type" content="text/html;charset=utf-8" />
  <meta name='ocr-system' content='tesseract 3.04.00' />
  <meta name='ocr-capabilities' content='ocr_page ocr_carea ocr_par ocr_line ocrx_word'/>
</head>
<body>
  <div class='ocr_page' id='page_1' title='image "./csuetonitranqui01suetgoog_0345.png"; bbox 0 0 2286 3944; ppageno 0'>
   <div class='ocr_carea' id='block_1_1' title="bbox 134 203 1087 273">
    <p class='ocr_par' dir='ltr' id='par_1_1' title="bbox 134 203 1087 273">
     <span class='ocr_line' id='line_1_1' title="bbox 134 203 1087 273; baseline -0.002 -10"><span class='ocrx_word' id='word_1_1' title='bbox 134 203 196 266; x_wconf 77' lang='lat'>240</span> <span class='ocrx_word' id='word_1_2' title='bbox 219 214 250 263; x_wconf 87' lang='lat' dir='ltr'>c.</span> <span class='ocrx_word' id='word_1_3' title='bbox 263 213 413 262; x_wconf 76' lang='lat' dir='ltr'>sucrour</span> <span class='ocrx_word' id='word_1_4' title='bbox 429 213 559 273; x_wconf 78' lang='lat' dir='ltr'>annuo.</span> <span class='ocrx_word' id='word_1_5' title='bbox 572 213 621 260; x_wconf 81' lang='lat' dir='ltr'>os</span> <span class='ocrx_word' id='word_1_6' title='bbox 635 213 722 260; x_wconf 77' lang='lat' dir='ltr'>vrrs</span> <span class='ocrx_word' id='word_1_7' title='bbox 736 212 923 261; x_wconf 72' lang='lat' dir='ltr'>omasum</span> <span class='ocrx_word' id='word_1_8' title='bbox 933 215 1004 261; x_wconf 82' lang='lat' dir='ltr'>cm.</span> <span class='ocrx_word' id='word_1_9' title='bbox 1017 215 1087 261; x_wconf 82' lang='lat' dir='ltr'>rur.</span> 
     </span>
    </p>
   </div>
   <div class='ocr_carea' id='block_1_2' title="bbox 89 365 1143 3381">
    <p class='ocr_par' dir='ltr' id='par_1_2' title="bbox 89 362 1143 3381">
     <span class='ocr_line' id='line_1_2' title="bbox 134 365 1109 447; baseline -0.002 -19"><span class='ocrx_word' id='word_1_10' title='bbox 134 388 214 447; x_wconf 87' lang='lat' dir='ltr'>nam,</span> <span class='ocrx_word' id='word_1_11' title='bbox 239 370 342 447; x_wconf 91' lang='lat' dir='ltr'>partim</span> <span class='ocrx_word' id='word_1_12' title='bbox 362 365 453 426; x_wconf 89' lang='lat' dir='ltr'>subici</span> <span class='ocrx_word' id='word_1_13' title='bbox 472 385 507 426; x_wconf 97' lang='lat' dir='ltr'>ac</span> <span class='ocrx_word' id='word_1_14' title='bbox 528 369 629 426; x_wconf 86' lang='lat' dir='ltr'>venire</span> <span class='ocrx_word' id='word_1_15' title='bbox 644 369 811 446; x_wconf 86' lang='lat' dir='ltr'>imperarit,</span> <span class='ocrx_word' id='word_1_16' title='bbox 833 369 939 445; x_wconf 91' lang='lat' dir='ltr'>partim</span> <span class='ocrx_word' id='word_1_17' title='bbox 960 370 988 426; x_wconf 91' lang='lat' dir='ltr'>in</span> <span class='ocrx_word' id='word_1_18' title='bbox 1010 362 1142 446; x_wconf 77' lang='lat' dir='ltr'>aspersi</span> 
     </span>
     <span class='ocr_line' id='line_1_3' title="bbox 133 449 1143 530; baseline -0.003 -19"><span class='ocrx_word' id='word_1_19' title='bbox 133 471 195 512; x_wconf 90' lang='lat' dir='ltr'>mas</span> <span class='ocrx_word' id='word_1_20' title='bbox 211 452 367 511; x_wconf 90' lang='lat' dir='ltr'>insularum</span> <span class='ocrx_word' id='word_1_21' title='bbox 382 449 477 510; x_wconf 89' lang='lat' dir='ltr'>avehi.</span> <span class='ocrx_word' id='word_1_22' title='bbox 511 451 609 528; x_wconf 86' lang='lat' dir='ltr'>thue</span> <span class='ocrx_word' id='word_1_23' title='bbox 623 453 709 511; x_wconf 91' lang='lat' dir='ltr'>etiam</span> <span class='ocrx_word' id='word_1_24' title='bbox 725 449 829 510; x_wconf 77' lang='lat' dir='ltr'><strong>similia</strong></span> <span class='ocrx_word' id='word_1_25' title='bbox 851 451 1028 530; x_wconf 81' lang='lat' dir='ltr'>quaudoque</span> <span class='ocrx_word' id='word_1_26' title='bbox 1051 471 1109 512; x_wconf 88' lang='lat' dir='ltr'>ausu</span> <span class='ocrx_word' id='word_1_27' title='bbox 1142 486 1143 508; x_wconf 55' lang='lat' dir='ltr'>i</span> 
     </span>
     <span class='ocr_line' id='line_1_4' title="bbox 132 534 1141 614; baseline -0.002 -18"><span class='ocrx_word' id='word_1_28' title='bbox 132 555 183 596; x_wconf 89' lang='lat' dir='ltr'>ros</span> <span class='ocrx_word' id='word_1_29' title='bbox 200 545 344 614; x_wconf 89' lang='lat' dir='ltr'>perpetuo</span> <span class='ocrx_word' id='word_1_30' title='bbox 364 544 528 610; x_wconf 79' lang='lat' dir='ltr'>coerceret,</span> <span class='ocrx_word' id='word_1_31' title='bbox 544 535 635 592; x_wconf 85' lang='lat' dir='ltr'>vetuit</span> <span class='ocrx_word' id='word_1_32' title='bbox 648 537 723 594; x_wconf 87' lang='lat' dir='ltr'>inter</span> <span class='ocrx_word' id='word_1_33' title='bbox 739 543 838 593; x_wconf 90' lang='lat' dir='ltr'>cetera</span> <span class='ocrx_word' id='word_1_34' title='bbox 854 534 891 593; x_wconf 91' lang='lat' dir='ltr'>de</span> <span class='ocrx_word' id='word_1_35' title='bbox 907 535 1010 594; x_wconf 91' lang='lat' dir='ltr'>eadem</span> <span class='ocrx_word' id='word_1_36' title='bbox 1027 554 1058 594; x_wconf 90' lang='lat' dir='ltr'>re</span> <span class='ocrx_word' id='word_1_37' title='bbox 1070 537 1108 614; x_wconf 91' lang='lat' dir='ltr'>pln</span> <span class='ocrx_word' id='word_1_38' title='bbox 1126 538 1141 594; x_wconf 72' lang='lat' dir='ltr'>&#39;a</span> 
     </span>
     <span class='ocr_line' id='line_1_5' title="bbox 132 618 1143 696; baseline -0.004 -17"><span class='ocrx_word' id='word_1_39' title='bbox 132 620 212 679; x_wconf 89' lang='lat' dir='ltr'>ribus</span> <span class='ocrx_word' id='word_1_40' title='bbox 228 619 343 696; x_wconf 84' lang='lat' dir='ltr'>legibus</span> <span class='ocrx_word' id='word_1_41' title='bbox 359 620 424 696; x_wconf 82' lang='lat' dir='ltr'>agi,</span> <span class='ocrx_word' id='word_1_42' title='bbox 443 621 583 696; x_wconf 79' lang='lat' dir='ltr'>quaeriue</span> <span class='ocrx_word' id='word_1_43' title='bbox 598 618 634 677; x_wconf 91' lang='lat' dir='ltr'>de</span> <span class='ocrx_word' id='word_1_44' title='bbox 651 620 818 696; x_wconf 85' lang='lat' dir='ltr'>cuiusquam</span> <span class='ocrx_word' id='word_1_45' title='bbox 834 618 1038 678; x_wconf 86' lang='lat' dir='ltr'>defunctorum</span> <span class='ocrx_word' id='word_1_46' title='bbox 1059 630 1117 679; x_wconf 87' lang='lat' dir='ltr'>statu</span> <span class='ocrx_word' id='word_1_47' title='bbox 1141 627 1143 675; x_wconf 80' lang='lat' dir='ltr'>l</span> 
     </span>
     <span class='ocr_line' id='line_1_6' title="bbox 133 703 1126 764; baseline -0.001 -1"><span class='ocrx_word' id='word_1_48' title='bbox 133 703 208 764; x_wconf 89' lang='lat' dir='ltr'>ultra</span> <span class='ocrx_word' id='word_1_49' title='bbox 226 713 324 763; x_wconf 90' lang='lat' dir='ltr'>certos</span> <span class='ocrx_word' id='word_1_50' title='bbox 339 720 439 763; x_wconf 91' lang='lat' dir='ltr'>annos.</span> <span class='ocrx_word' id='word_1_51' title='bbox 1125 705 1126 713; x_wconf 77' lang='grc'>’</span> 
     </span>
     <span class='ocr_line' id='line_1_7' title="bbox 103 787 1140 866; baseline -0.003 -16"><span class='ocrx_word' id='word_1_52' title='bbox 103 794 123 850; x_wconf 79' lang='grc'><strong>9</strong></span> <span class='ocrx_word' id='word_1_53' title='bbox 196 788 396 848; x_wconf 89' lang='lat' dir='ltr'>Pontificatum</span> <span class='ocrx_word' id='word_1_54' title='bbox 411 787 562 845; x_wconf 83' lang='lat' dir='ltr'>maximnm</span> <span class='ocrx_word' id='word_1_55' title='bbox 576 787 643 847; x_wconf 92' lang='lat' dir='ltr'>ideo</span> <span class='ocrx_word' id='word_1_56' title='bbox 662 805 694 846; x_wconf 92' lang='lat' dir='ltr'>se</span> <span class='ocrx_word' id='word_1_57' title='bbox 712 787 865 865; x_wconf 88' lang='lat' dir='ltr'>professus</span> <span class='ocrx_word' id='word_1_58' title='bbox 881 789 1021 865; x_wconf 91' lang='lat' dir='ltr'>accipere</span> <span class='ocrx_word' id='word_1_59' title='bbox 1037 797 1066 846; x_wconf 93' lang='lat' dir='ltr'>ut</span> <span class='ocrx_word' id='word_1_60' title='bbox 1080 805 1109 866; x_wconf 90' lang='lat' dir='ltr'>pu</span> <span class='ocrx_word' id='word_1_61' title='bbox 1124 809 1140 834; x_wconf 65' lang='lat'>,</span> 
     </span>
     <span class='ocr_line' id='line_1_8' title="bbox 133 870 1143 949; baseline -0.005 -17"><span class='ocrx_word' id='word_1_62' title='bbox 133 891 181 932; x_wconf 89' lang='lat' dir='ltr'>ras</span> <span class='ocrx_word' id='word_1_63' title='bbox 197 880 329 932; x_wconf 89' lang='lat' dir='ltr'>servaret</span> <span class='ocrx_word' id='word_1_64' title='bbox 344 888 458 946; x_wconf 89' lang='lat' dir='ltr'>manus,</span> <span class='ocrx_word' id='word_1_65' title='bbox 474 870 559 928; x_wconf 90' lang='lat' dir='ltr'>fidem</span> <span class='ocrx_word' id='word_1_66' title='bbox 576 873 734 948; x_wconf 88' lang='lat' dir='ltr'>praestitit,</span> <span class='ocrx_word' id='word_1_67' title='bbox 750 889 806 929; x_wconf 93' lang='lat' dir='ltr'>nec</span> <span class='ocrx_word' id='word_1_68' title='bbox 823 880 924 930; x_wconf 83' lang='lat' dir='ltr'><strong>auctor</strong></span> <span class='ocrx_word' id='word_1_69' title='bbox 944 871 1104 949; x_wconf 77' lang='lat' dir='ltr'>posthaec</span> <span class='ocrx_word' id='word_1_70' title='bbox 1127 896 1143 927; x_wconf 79' lang='lat' dir='ltr'>&#39;l</span> 
     </span>
     <span class='ocr_line' id='line_1_9' title="bbox 133 953 1140 1035; baseline 0 -21"><span class='ocrx_word' id='word_1_71' title='bbox 133 957 264 1035; x_wconf 83' lang='lat' dir='ltr'>inaquam</span> <span class='ocrx_word' id='word_1_72' title='bbox 286 957 367 1015; x_wconf 90' lang='lat' dir='ltr'>necis</span> <span class='ocrx_word' id='word_1_73' title='bbox 390 972 445 1013; x_wconf 91' lang='lat' dir='ltr'>uec</span> <span class='ocrx_word' id='word_1_74' title='bbox 469 954 623 1030; x_wconf 91' lang='lat' dir='ltr'>conscius,</span> <span class='ocrx_word' id='word_1_75' title='bbox 652 957 782 1032; x_wconf 89' lang='lat' dir='ltr'>quamvis</span> <span class='ocrx_word' id='word_1_76' title='bbox 808 953 950 1013; x_wconf 90' lang='lat' dir='ltr'>interdum</span> <span class='ocrx_word' id='word_1_77' title='bbox 973 953 1140 1014; x_wconf 77' lang='lat' dir='ltr'>ulciscen‘t</span> 
     </span>
     <span class='ocr_line' id='line_1_10' title="bbox 135 1036 1141 1116; baseline -0.002 -16"><span class='ocrx_word' id='word_1_78' title='bbox 135 1058 221 1100; x_wconf 89' lang='lat' dir='ltr'>causa</span> <span class='ocrx_word' id='word_1_79' title='bbox 239 1056 297 1098; x_wconf 93' lang='lat' dir='ltr'>non</span> <span class='ocrx_word' id='word_1_80' title='bbox 315 1038 446 1113; x_wconf 82' lang='lat' dir='ltr'>deesset,</span> <span class='ocrx_word' id='word_1_81' title='bbox 470 1036 706 1115; x_wconf 78' lang='lat' dir='ltr'>sedpem‘turum</span> <span class='ocrx_word' id='word_1_82' title='bbox 721 1039 873 1115; x_wconf 79' lang='lat' dir='ltr'>capotius</span> <span class='ocrx_word' id='word_1_83' title='bbox 889 1056 983 1116; x_wconf 81' lang='lat' dir='ltr'>quam</span> <span class='ocrx_word' id='word_1_84' title='bbox 994 1039 1096 1116; x_wconf 84' lang='lat' dir='ltr'>perdit</span> <span class='ocrx_word' id='word_1_85' title='bbox 1128 1061 1141 1099; x_wconf 75' lang='lat' dir='ltr'>r</span> 
     </span>
     <span class='ocr_line' id='line_1_11' title="bbox 133 1121 1132 1199; baseline -0.003 -16"><span class='ocrx_word' id='word_1_86' title='bbox 133 1143 202 1183; x_wconf 85' lang='lat' dir='ltr'>rum</span> <span class='ocrx_word' id='word_1_87' title='bbox 214 1123 355 1183; x_wconf 91' lang='lat' dir='ltr'>adiurans.</span> <span class='ocrx_word' id='word_1_88' title='bbox 380 1122 460 1180; x_wconf 90' lang='lat' dir='ltr'>Duos</span> <span class='ocrx_word' id='word_1_89' title='bbox 473 1123 585 1198; x_wconf 89' lang='lat' dir='ltr'>patricii</span> <span class='ocrx_word' id='word_1_90' title='bbox 597 1123 715 1199; x_wconf 84' lang='lat' dir='ltr'>generis</span> <span class='ocrx_word' id='word_1_91' title='bbox 728 1123 880 1181; x_wconf 84' lang='lat' dir='ltr'>convictos</span> <span class='ocrx_word' id='word_1_92' title='bbox 894 1123 923 1179; x_wconf 93' lang='lat' dir='ltr'>in</span> <span class='ocrx_word' id='word_1_93' title='bbox 936 1121 1117 1182; x_wconf 91' lang='lat' dir='ltr'>adfectation</span> <span class='ocrx_word' id='word_1_94' title='bbox 1131 1157 1132 1170; x_wconf 31' lang='grc' dir='ltr'><strong>κ</strong></span> 
     </span>
     <span class='ocr_line' id='line_1_12' title="bbox 134 1204 1137 1286; baseline -0.007 -20"><span class='ocrx_word' id='word_1_95' title='bbox 134 1207 263 1286; x_wconf 90' lang='lat' dir='ltr'>imperii,</span> <span class='ocrx_word' id='word_1_96' title='bbox 288 1206 354 1265; x_wconf 92' lang='lat' dir='ltr'>nihil</span> <span class='ocrx_word' id='word_1_97' title='bbox 376 1205 497 1282; x_wconf 90' lang='lat' dir='ltr'>amplius</span> <span class='ocrx_word' id='word_1_98' title='bbox 519 1222 603 1283; x_wconf 86' lang='lat' dir='ltr'>quam</span> <span class='ocrx_word' id='word_1_99' title='bbox 623 1214 653 1264; x_wconf 89' lang='lat' dir='ltr'>ut</span> <span class='ocrx_word' id='word_1_100' title='bbox 674 1204 848 1264; x_wconf 77' lang='lat' dir='ltr'>desisterent</span> <span class='ocrx_word' id='word_1_101' title='bbox 874 1207 998 1283; x_wconf 92' lang='lat' dir='ltr'>monuit,</span> <span class='ocrx_word' id='word_1_102' title='bbox 1024 1205 1114 1265; x_wconf 66' lang='lat' dir='ltr'>docet.</span> <span class='ocrx_word' id='word_1_103' title='bbox 1129 1238 1137 1259; x_wconf 62' lang='lat' dir='ltr'>i</span> 
     </span>
     <span class='ocr_line' id='line_1_13' title="bbox 133 1288 1118 1369; baseline -0.002 -19"><span class='ocrx_word' id='word_1_104' title='bbox 133 1291 342 1368; x_wconf 80' lang='lat' dir='ltr'>principatum</span> <span class='ocrx_word' id='word_1_105' title='bbox 354 1289 424 1367; x_wconf 83' lang='lat' dir='ltr'>fato</span> <span class='ocrx_word' id='word_1_106' title='bbox 441 1288 524 1365; x_wconf 81' lang='lat' dir='ltr'>dari,</span> <span class='ocrx_word' id='word_1_107' title='bbox 540 1291 565 1348; x_wconf 86' lang='lat' dir='ltr'>ai</span> <span class='ocrx_word' id='word_1_108' title='bbox 582 1289 649 1367; x_wconf 90' lang='lat' dir='ltr'>quid</span> <span class='ocrx_word' id='word_1_109' title='bbox 664 1299 820 1368; x_wconf 90' lang='lat' dir='ltr'>praeterea</span> <span class='ocrx_word' id='word_1_110' title='bbox 837 1288 1049 1365; x_wconf 80' lang='lat' dir='ltr'>desiderarent,</span> <span class='ocrx_word' id='word_1_111' title='bbox 1066 1308 1118 1369; x_wconf 89' lang='lat' dir='ltr'>pro·</span> 
     </span>
     <span class='ocr_line' id='line_1_14' title="bbox 133 1373 1118 1451; baseline -0.002 -18"><span class='ocrx_word' id='word_1_112' title='bbox 133 1375 248 1433; x_wconf 90' lang='lat' dir='ltr'>mittens</span> <span class='ocrx_word' id='word_1_113' title='bbox 272 1393 304 1434; x_wconf 93' lang='lat' dir='ltr'>se</span> <span class='ocrx_word' id='word_1_114' title='bbox 328 1378 511 1442; x_wconf 87' lang='lat' dir='ltr'>tributurum;</span> <span class='ocrx_word' id='word_1_115' title='bbox 534 1382 563 1432; x_wconf 90' lang='lat' dir='ltr'>et</span> <span class='ocrx_word' id='word_1_116' title='bbox 586 1373 740 1432; x_wconf 79' lang='lat' dir='ltr'>confestim</span> <span class='ocrx_word' id='word_1_117' title='bbox 756 1373 871 1451; x_wconf 86' lang='lat' dir='ltr'>quidem</span> <span class='ocrx_word' id='word_1_118' title='bbox 889 1373 925 1433; x_wconf 90' lang='lat' dir='ltr'>ad</span> <span class='ocrx_word' id='word_1_119' title='bbox 941 1373 1061 1433; x_wconf 91' lang='lat' dir='ltr'>alterius</span> <span class='ocrx_word' id='word_1_120' title='bbox 1075 1391 1118 1431; x_wconf 91' lang='lat' dir='ltr'>ma·</span> 
     </span>
     <span class='ocr_line' id='line_1_15' title="bbox 133 1456 1119 1535; baseline -0.002 -19"><span class='ocrx_word' id='word_1_121' title='bbox 133 1467 219 1532; x_wconf 94' lang='lat' dir='ltr'>trem,</span> <span class='ocrx_word' id='word_1_122' title='bbox 236 1475 310 1534; x_wconf 90' lang='lat' dir='ltr'>quae</span> <span class='ocrx_word' id='word_1_123' title='bbox 325 1457 428 1535; x_wconf 88' lang='lat' dir='ltr'>procul</span> <span class='ocrx_word' id='word_1_124' title='bbox 449 1456 568 1535; x_wconf 86' lang='lat' dir='ltr'>aberat,</span> <span class='ocrx_word' id='word_1_125' title='bbox 593 1474 731 1517; x_wconf 90' lang='lat' dir='ltr'>cursores</span> <span class='ocrx_word' id='word_1_126' title='bbox 752 1474 821 1516; x_wconf 89' lang='lat' dir='ltr'>suos</span> <span class='ocrx_word' id='word_1_127' title='bbox 841 1458 933 1533; x_wconf 90' lang='lat' dir='ltr'>misit,</span> <span class='ocrx_word' id='word_1_128' title='bbox 958 1459 1006 1534; x_wconf 91' lang='lat' dir='ltr'>qui</span> <span class='ocrx_word' id='word_1_129' title='bbox 1032 1460 1119 1516; x_wconf 82' lang='lat' dir='ltr'>anxiae</span> 
     </span>
     <span class='ocr_line' id='line_1_16' title="bbox 134 1539 1118 1619; baseline -0.002 -21"><span class='ocrx_word' id='word_1_130' title='bbox 134 1539 244 1598; x_wconf 86' lang='lat' dir='ltr'>salvum</span> <span class='ocrx_word' id='word_1_131' title='bbox 257 1541 344 1599; x_wconf 87' lang='lat' dir='ltr'>lilium</span> <span class='ocrx_word' id='word_1_132' title='bbox 361 1542 539 1618; x_wconf 80' lang='lat' dir='ltr'>nuntiarent,</span> <span class='ocrx_word' id='word_1_133' title='bbox 561 1550 689 1600; x_wconf 91' lang='lat' dir='ltr'>ceterum</span> <span class='ocrx_word' id='word_1_134' title='bbox 703 1543 784 1619; x_wconf 90' lang='lat' dir='ltr'>ipsos</span> <span class='ocrx_word' id='word_1_135' title='bbox 807 1559 865 1600; x_wconf 93' lang='lat' dir='ltr'>nou</span> <span class='ocrx_word' id='word_1_136' title='bbox 886 1541 980 1600; x_wconf 92' lang='lat' dir='ltr'>solum</span> <span class='ocrx_word' id='word_1_137' title='bbox 1000 1541 1118 1602; x_wconf 81' lang='lat' dir='ltr'>familiari</span> 
     </span>
     <span class='ocr_line' id='line_1_17' title="bbox 115 1623 1118 1704; baseline 0 -22"><span class='ocrx_word' id='word_1_138' title='bbox 115 1640 242 1683; x_wconf 89' lang='lat' dir='ltr'>-caenae</span> <span class='ocrx_word' id='word_1_139' title='bbox 266 1623 407 1701; x_wconf 85' lang='lat' dir='ltr'>adhibuit,</span> <span class='ocrx_word' id='word_1_140' title='bbox 431 1624 529 1684; x_wconf 90' lang='lat' dir='ltr'>sedet</span> <span class='ocrx_word' id='word_1_141' title='bbox 550 1626 714 1703; x_wconf 86' lang='lat' dir='ltr'>insequenti</span> <span class='ocrx_word' id='word_1_142' title='bbox 739 1625 785 1684; x_wconf 92' lang='lat' dir='ltr'>die</span> <span class='ocrx_word' id='word_1_143' title='bbox 806 1624 998 1701; x_wconf 83' lang='lat' dir='ltr'>gladiatorum</span> <span class='ocrx_word' id='word_1_144' title='bbox 1019 1635 1118 1704; x_wconf 90' lang='lat' dir='ltr'>specta·</span> 
     </span>
     <span class='ocr_line' id='line_1_18' title="bbox 135 1706 1119 1768; baseline -0.001 -3"><span class='ocrx_word' id='word_1_145' title='bbox 135 1706 199 1766; x_wconf 92' lang='lat' dir='ltr'>culo</span> <span class='ocrx_word' id='word_1_146' title='bbox 215 1708 293 1767; x_wconf 91' lang='lat' dir='ltr'>circa</span> <span class='ocrx_word' id='word_1_147' title='bbox 309 1727 342 1767; x_wconf 89' lang='lat' dir='ltr'>se</span> <span class='ocrx_word' id='word_1_148' title='bbox 356 1727 394 1767; x_wconf 85' lang='lat' dir='ltr'>ex</span> <span class='ocrx_word' id='word_1_149' title='bbox 416 1708 552 1768; x_wconf 92' lang='lat' dir='ltr'>industria</span> <span class='ocrx_word' id='word_1_150' title='bbox 576 1708 737 1768; x_wconf 90' lang='lat' dir='ltr'>conlocatis</span> <span class='ocrx_word' id='word_1_151' title='bbox 764 1708 861 1768; x_wconf 92' lang='lat' dir='ltr'>oblata</span> <span class='ocrx_word' id='word_1_152' title='bbox 882 1707 935 1767; x_wconf 91' lang='lat' dir='ltr'>sibi</span> <span class='ocrx_word' id='word_1_153' title='bbox 958 1709 1119 1768; x_wconf 89' lang='lat' dir='ltr'>ferramenta</span> 
     </span>
     <span class='ocr_line' id='line_1_19' title="bbox 133 1791 1119 1871; baseline 0 -22"><span class='ocrx_word' id='word_1_154' title='bbox 133 1795 317 1869; x_wconf 83' lang='lat' dir='ltr'>pugnantium</span> <span class='ocrx_word' id='word_1_155' title='bbox 345 1792 525 1871; x_wconf 90' lang='lat' dir='ltr'>inspicienda</span> <span class='ocrx_word' id='word_1_156' title='bbox 551 1793 691 1870; x_wconf 84' lang='lat' dir='ltr'>porrexit.</span> <span class='ocrx_word' id='word_1_157' title='bbox 743 1791 856 1851; x_wconf 85' lang='lat' dir='ltr'>Dicitur</span> <span class='ocrx_word' id='word_1_158' title='bbox 883 1794 987 1868; x_wconf 91' lang='lat' dir='ltr'>etiam,</span> <span class='ocrx_word' id='word_1_159' title='bbox 1016 1794 1119 1870; x_wconf 82' lang='lat' dir='ltr'>cognita</span> 
     </span>
     <span class='ocr_line' id='line_1_20' title="bbox 132 1874 1118 1955; baseline 0.001 -21"><span class='ocrx_word' id='word_1_160' title='bbox 132 1875 280 1955; x_wconf 90' lang='lat' dir='ltr'>utriusque</span> <span class='ocrx_word' id='word_1_161' title='bbox 292 1878 434 1953; x_wconf 83' lang='lat' dir='ltr'>genitura,</span> <span class='ocrx_word' id='word_1_162' title='bbox 446 1876 603 1936; x_wconf 82' lang='lat' dir='ltr'>imminere</span> <span class='ocrx_word' id='word_1_163' title='bbox 615 1874 765 1936; x_wconf 84' lang='lat' dir='ltr'>ambobus</span> <span class='ocrx_word' id='word_1_164' title='bbox 773 1876 1118 1955; x_wconf 81' lang='lat' dir='ltr'>periculumadlirmasse,</span> 
     </span>
     <span class='ocr_line' id='line_1_21' title="bbox 132 1959 853 2040; baseline 0 -22"><span class='ocrx_word' id='word_1_165' title='bbox 132 1975 238 2019; x_wconf 84' lang='lat' dir='ltr'>oerum</span> <span class='ocrx_word' id='word_1_166' title='bbox 253 1961 438 2040; x_wconf 81' lang='lat' dir='ltr'>quandoque</span> <span class='ocrx_word' id='word_1_167' title='bbox 452 1966 480 2019; x_wconf 85' lang='lat' dir='ltr'>et</span> <span class='ocrx_word' id='word_1_168' title='bbox 495 1959 535 2020; x_wconf 85' lang='lat' dir='ltr'>ab</span> <span class='ocrx_word' id='word_1_169' title='bbox 552 1960 615 2021; x_wconf 84' lang='lat' dir='ltr'>olio</span> <span class='ocrx_word' id='word_1_170' title='bbox 624 1985 639 2031; x_wconf 90' lang='lat'>,·</span> <span class='ocrx_word' id='word_1_171' title='bbox 656 1962 729 2020; x_wconf 90' lang='lat' dir='ltr'>sicut</span> <span class='ocrx_word' id='word_1_172' title='bbox 747 1962 853 2019; x_wconf 89' lang='lat' dir='ltr'>evenit.</span> 
     </span>
     <span class='ocr_line' id='line_1_22' title="bbox 197 2036 1135 2122; baseline -0.002 -18"><span class='ocrx_word' id='word_1_173' title='bbox 197 2043 327 2104; x_wconf 87' lang='lat' dir='ltr'>Fratrem</span> <span class='ocrx_word' id='word_1_174' title='bbox 343 2044 469 2104; x_wconf 90' lang='lat' dir='ltr'>insidiari</span> <span class='ocrx_word' id='word_1_175' title='bbox 488 2043 542 2103; x_wconf 91' lang='lat' dir='ltr'>sibi</span> <span class='ocrx_word' id='word_1_176' title='bbox 557 2061 614 2103; x_wconf 95' lang='lat' dir='ltr'>non</span> <span class='ocrx_word' id='word_1_177' title='bbox 630 2036 818 2120; x_wconf 71' lang='lat' dir='ltr'>desinentem,</span> <span class='ocrx_word' id='word_1_178' title='bbox 837 2042 889 2102; x_wconf 92' lang='lat' dir='ltr'>sed</span> <span class='ocrx_word' id='word_1_179' title='bbox 902 2061 996 2121; x_wconf 91' lang='lat' dir='ltr'>paene</span> <span class='ocrx_word' id='word_1_180' title='bbox 1012 2064 1050 2103; x_wconf 84' lang='lat' dir='ltr'>ex</span> <span class='ocrx_word' id='word_1_181' title='bbox 1064 2061 1135 2122; x_wconf 51' lang='lat' dir='ltr'>pro·¹</span> 
     </span>
     <span class='ocr_line' id='line_1_23' title="bbox 133 2127 1143 2206; baseline 0.003 -20"><span class='ocrx_word' id='word_1_182' title='bbox 133 2127 213 2187; x_wconf 87' lang='lat' dir='ltr'>fesso</span> <span class='ocrx_word' id='word_1_183' title='bbox 229 2130 430 2189; x_wconf 87' lang='lat' dir='ltr'>sollicitantem</span> <span class='ocrx_word' id='word_1_184' title='bbox 445 2128 603 2205; x_wconf 82' lang='lat' dir='ltr'>exereitus,</span> <span class='ocrx_word' id='word_1_185' title='bbox 619 2128 803 2187; x_wconf 90' lang='lat' dir='ltr'>meditantem</span> <span class='ocrx_word' id='word_1_186' title='bbox 825 2128 939 2204; x_wconf 88' lang='lat' dir='ltr'>fugam,</span> <span class='ocrx_word' id='word_1_187' title='bbox 962 2146 1058 2206; x_wconf 90' lang='lat' dir='ltr'>neque</span> <span class='ocrx_word' id='word_1_188' title='bbox 1081 2144 1119 2186; x_wconf 88' lang='lat' dir='ltr'>oc·</span> <span class='ocrx_word' id='word_1_189' title='bbox 1141 2165 1143 2189; x_wconf 85' lang='lat' dir='ltr'>t</span> 
     </span>
     <span class='ocr_line' id='line_1_24' title="bbox 134 2210 1142 2291; baseline 0.001 -22"><span class='ocrx_word' id='word_1_190' title='bbox 134 2211 232 2271; x_wconf 92' lang='lat' dir='ltr'>cidere</span> <span class='ocrx_word' id='word_1_191' title='bbox 250 2231 345 2291; x_wconf 87' lang='lat' dir='ltr'>neque</span> <span class='ocrx_word' id='word_1_192' title='bbox 362 2229 507 2291; x_wconf 89' lang='lat' dir='ltr'>seponere</span> <span class='ocrx_word' id='word_1_193' title='bbox 523 2230 558 2271; x_wconf 91' lang='lat' dir='ltr'>ac</span> <span class='ocrx_word' id='word_1_194' title='bbox 578 2230 615 2272; x_wconf 95' lang='lat' dir='ltr'>ne</span> <span class='ocrx_word' id='word_1_195' title='bbox 636 2213 665 2270; x_wconf 93' lang='lat' dir='ltr'>in</span> <span class='ocrx_word' id='word_1_196' title='bbox 684 2213 796 2271; x_wconf 91' lang='lat' dir='ltr'>minore</span> <span class='ocrx_word' id='word_1_197' title='bbox 816 2211 929 2289; x_wconf 88' lang='lat' dir='ltr'>quidem</span> <span class='ocrx_word' id='word_1_198' title='bbox 950 2210 1064 2272; x_wconf 88' lang='lat' dir='ltr'>honore</span> <span class='ocrx_word' id='word_1_199' title='bbox 1081 2211 1142 2270; x_wconf 59' lang='lat' dir='ltr'>has</span> 
     </span>
     <span class='ocr_line' id='line_1_25' title="bbox 132 2293 1143 2374; baseline 0.001 -21"><span class='ocrx_word' id='word_1_200' title='bbox 132 2293 204 2354; x_wconf 90' lang='lat' dir='ltr'>bere</span> <span class='ocrx_word' id='word_1_201' title='bbox 222 2298 369 2373; x_wconf 88' lang='lat' dir='ltr'>sustinuit,</span> <span class='ocrx_word' id='word_1_202' title='bbox 386 2295 453 2372; x_wconf 90' lang='lat' dir='ltr'>sed,</span> <span class='ocrx_word' id='word_1_203' title='bbox 472 2305 501 2355; x_wconf 95' lang='lat' dir='ltr'>ut</span> <span class='ocrx_word' id='word_1_204' title='bbox 516 2314 532 2356; x_wconf 91' lang='lat' dir='ltr'>a</span> <span class='ocrx_word' id='word_1_205' title='bbox 549 2297 641 2374; x_wconf 92' lang='lat' dir='ltr'>primo</span> <span class='ocrx_word' id='word_1_206' title='bbox 657 2297 769 2373; x_wconf 90' lang='lat' dir='ltr'>imperii</span> <span class='ocrx_word' id='word_1_207' title='bbox 792 2295 856 2372; x_wconf 92' lang='lat' dir='ltr'>die,</span> <span class='ocrx_word' id='word_1_208' title='bbox 879 2305 1044 2355; x_wconf 89' lang='lat' dir='ltr'>consortem</span> <span class='ocrx_word' id='word_1_209' title='bbox 1065 2311 1119 2354; x_wconf 84' lang='lat' dir='ltr'>suo·</span> <span class='ocrx_word' id='word_1_210' title='bbox 1134 2327 1143 2355; x_wconf 70' lang='lat' dir='ltr'>u</span> 
     </span>
     <span class='ocr_line' id='line_1_26' title="bbox 132 2381 1136 2458; baseline 0 -22"><span class='ocrx_word' id='word_1_211' title='bbox 132 2395 340 2457; x_wconf 88' lang='lat' dir='ltr'>cessorernque</span> <span class='ocrx_word' id='word_1_212' title='bbox 356 2381 456 2440; x_wconf 89' lang='lat' dir='ltr'>testari</span> <span class='ocrx_word' id='word_1_213' title='bbox 471 2383 681 2458; x_wconf 89' lang='lat' dir='ltr'>perseveravit,</span> <span class='ocrx_word' id='word_1_214' title='bbox 698 2397 907 2458; x_wconf 90' lang='lat' dir='ltr'>nonnumquam</span> <span class='ocrx_word' id='word_1_215' title='bbox 924 2389 1043 2439; x_wconf 88' lang='lat' dir='ltr'>secreto</span> <span class='ocrx_word' id='word_1_216' title='bbox 1062 2395 1109 2458; x_wconf 91' lang='lat' dir='ltr'>pre</span> <span class='ocrx_word' id='word_1_217' title='bbox 1135 2387 1136 2392; x_wconf 77' lang='grc'>’</span> 
     </span>
     <span class='ocr_line' id='line_1_27' title="bbox 132 2460 1118 2542; baseline 0.002 -24"><span class='ocrx_word' id='word_1_218' title='bbox 132 2460 212 2520; x_wconf 87' lang='lat' dir='ltr'>cibus</span> <span class='ocrx_word' id='word_1_219' title='bbox 236 2471 264 2520; x_wconf 91' lang='lat' dir='ltr'>et</span> <span class='ocrx_word' id='word_1_220' title='bbox 285 2463 411 2522; x_wconf 86' lang='lat' dir='ltr'>lacrimis</span> <span class='ocrx_word' id='word_1_221' title='bbox 431 2481 533 2541; x_wconf 89' lang='lat' dir='ltr'>orans,</span> <span class='ocrx_word' id='word_1_222' title='bbox 555 2470 589 2524; x_wconf 87' lang='lat' dir='ltr'>ut</span> <span class='ocrx_word' id='word_1_223' title='bbox 608 2464 731 2525; x_wconf 83' lang='lat' dir='ltr'>taudem</span> <span class='ocrx_word' id='word_1_224' title='bbox 751 2469 855 2524; x_wconf 85' lang='lat' dir='ltr'>mutuo</span> <span class='ocrx_word' id='word_1_225' title='bbox 877 2480 954 2542; x_wconf 75' lang='lat' dir='ltr'>erpa</span> <span class='ocrx_word' id='word_1_226' title='bbox 975 2481 1010 2523; x_wconf 82' lang='lat' dir='ltr'>aa</span> <span class='ocrx_word' id='word_1_227' title='bbox 1028 2463 1118 2523; x_wconf 73' lang='lat' dir='ltr'>onium</span> 
     </span>
     <span class='ocr_line' id='line_1_28' title="bbox 89 2544 1138 2627; baseline -0.004 -20"><span class='ocrx_word' id='word_1_228' title='bbox 89 2544 223 2607; x_wconf 83' lang='lat' dir='ltr'>lovellet</span> <span class='ocrx_word' id='word_1_229' title='bbox 237 2563 313 2605; x_wconf 82' lang='lat' dir='ltr'>asse.</span> <span class='ocrx_word' id='word_1_230' title='bbox 346 2546 424 2605; x_wconf 88' lang='lat' dir='ltr'>luter</span> <span class='ocrx_word' id='word_1_231' title='bbox 442 2547 516 2607; x_wconf 89' lang='lat' dir='ltr'>baec</span> <span class='ocrx_word' id='word_1_232' title='bbox 532 2557 624 2608; x_wconf 90' lang='lat' dir='ltr'>morte</span> <span class='ocrx_word' id='word_1_233' title='bbox 640 2556 815 2627; x_wconf 88' lang='lat' dir='ltr'>praeventus</span> <span class='ocrx_word' id='word_1_234' title='bbox 831 2556 892 2624; x_wconf 91' lang='lat' dir='ltr'>est,</span> <span class='ocrx_word' id='word_1_235' title='bbox 914 2547 1024 2606; x_wconf 91' lang='lat' dir='ltr'>maiore</span> <span class='ocrx_word' id='word_1_236' title='bbox 1040 2547 1118 2606; x_wconf 92' lang='lat' dir='ltr'>homi·</span> <span class='ocrx_word' id='word_1_237' title='bbox 1137 2575 1138 2597; x_wconf 58' lang='lat'><em>2</em></span> 
     </span>
     <span class='ocr_line' id='line_1_29' title="bbox 131 2628 492 2708; baseline 0.006 -21"><span class='ocrx_word' id='word_1_238' title='bbox 131 2648 195 2689; x_wconf 94' lang='lat' dir='ltr'>num</span> <span class='ocrx_word' id='word_1_239' title='bbox 213 2628 315 2690; x_wconf 92' lang='lat' dir='ltr'>damno</span> <span class='ocrx_word' id='word_1_240' title='bbox 332 2648 414 2708; x_wconf 91' lang='lat' dir='ltr'>quam</span> <span class='ocrx_word' id='word_1_241' title='bbox 429 2648 492 2689; x_wconf 92' lang='lat' dir='ltr'>suo.</span> 
     </span>
     <span class='ocr_line' id='line_1_30' title="bbox 195 2712 1141 2793; baseline -0.002 -20"><span class='ocrx_word' id='word_1_242' title='bbox 195 2714 378 2792; x_wconf 88' lang='lat' dir='ltr'>Spectaculis</span> <span class='ocrx_word' id='word_1_243' title='bbox 394 2712 544 2792; x_wconf 88' lang='lat' dir='ltr'>absolutis,</span> <span class='ocrx_word' id='word_1_244' title='bbox 561 2716 590 2774; x_wconf 95' lang='lat' dir='ltr'>in</span> <span class='ocrx_word' id='word_1_245' title='bbox 606 2733 726 2793; x_wconf 84' lang='lat' dir='ltr'>qrrorum</span> <span class='ocrx_word' id='word_1_246' title='bbox 743 2715 798 2773; x_wconf 85' lang='lat' dir='ltr'>fune</span> <span class='ocrx_word' id='word_1_247' title='bbox 811 2713 920 2792; x_wconf 94' lang='lat' dir='ltr'>populo</span> <span class='ocrx_word' id='word_1_248' title='bbox 935 2731 1034 2774; x_wconf 93' lang='lat' dir='ltr'>eoram</span> <span class='ocrx_word' id='word_1_249' title='bbox 1045 2716 1119 2774; x_wconf 91' lang='lat' dir='ltr'>uber·</span> <span class='ocrx_word' id='word_1_250' title='bbox 1140 2746 1141 2761; x_wconf 49' lang='grc' dir='ltr'>ι</span> 
     </span>
     <span class='ocr_line' id='line_1_31' title="bbox 130 2796 1143 2878; baseline -0.005 -22"><span class='ocrx_word' id='word_1_251' title='bbox 130 2799 179 2857; x_wconf 91' lang='lat' dir='ltr'>tim</span> <span class='ocrx_word' id='word_1_252' title='bbox 194 2797 326 2875; x_wconf 88' lang='lat' dir='ltr'>fleverat,</span> <span class='ocrx_word' id='word_1_253' title='bbox 342 2797 465 2858; x_wconf 89' lang='lat' dir='ltr'>Sabinos</span> <span class='ocrx_word' id='word_1_254' title='bbox 480 2802 553 2878; x_wconf 88' lang='lat' dir='ltr'>petit</span> <span class='ocrx_word' id='word_1_255' title='bbox 567 2799 712 2876; x_wconf 87' lang='lat' dir='ltr'>aliquanto</span> <span class='ocrx_word' id='word_1_256' title='bbox 729 2799 847 2874; x_wconf 92' lang='lat' dir='ltr'>tristior,</span> <span class='ocrx_word' id='word_1_257' title='bbox 865 2797 942 2876; x_wconf 91' lang='lat' dir='ltr'>quod</span> <span class='ocrx_word' id='word_1_258' title='bbox 955 2796 1119 2858; x_wconf 87' lang='lat' dir='ltr'>sacrificanti</span> <span class='ocrx_word' id='word_1_259' title='bbox 1141 2827 1143 2851; x_wconf 87' lang='lat' dir='ltr'>t</span> 
     </span>
     <span class='ocr_line' id='line_1_32' title="bbox 130 2854 1143 2981; baseline -0.001 -41"><span class='ocrx_word' id='word_1_260' title='bbox 130 2881 225 2941; x_wconf 86' lang='lat' dir='ltr'>hostia</span> <span class='ocrx_word' id='word_1_261' title='bbox 242 2882 393 2960; x_wconf 80' lang='lat' dir='ltr'>aufugerat</span> <span class='ocrx_word' id='word_1_262' title='bbox 417 2883 552 2962; x_wconf 86' lang='lat' dir='ltr'>quodque</span> <span class='ocrx_word' id='word_1_263' title='bbox 573 2891 746 2961; x_wconf 90' lang='lat' dir='ltr'>tempestate</span> <span class='ocrx_word' id='word_1_264' title='bbox 769 2899 873 2940; x_wconf 89' lang='lat' dir='ltr'>serena</span> <span class='ocrx_word' id='word_1_265' title='bbox 896 2891 1039 2942; x_wconf 90' lang='lat' dir='ltr'>tonnerat.</span> <span class='ocrx_word' id='word_1_266' title='bbox 1070 2854 1143 2981; x_wconf 58' lang='lat' dir='ltr'>De}</span> 
     </span>
     <span class='ocr_line' id='line_1_33' title="bbox 130 2963 1143 3044; baseline 0 -21"><span class='ocrx_word' id='word_1_267' title='bbox 130 2965 195 3024; x_wconf 91' lang='lat' dir='ltr'>inde</span> <span class='ocrx_word' id='word_1_268' title='bbox 213 2965 246 3025; x_wconf 92' lang='lat' dir='ltr'>ad</span> <span class='ocrx_word' id='word_1_269' title='bbox 266 2968 384 3044; x_wconf 88' lang='lat' dir='ltr'>primam</span> <span class='ocrx_word' id='word_1_270' title='bbox 399 2968 491 3026; x_wconf 88' lang='lat' dir='ltr'>statim</span> <span class='ocrx_word' id='word_1_271' title='bbox 505 2967 683 3027; x_wconf 90' lang='lat' dir='ltr'>mansionem</span> <span class='ocrx_word' id='word_1_272' title='bbox 699 2965 804 3026; x_wconf 91' lang='lat' dir='ltr'>febrim</span> <span class='ocrx_word' id='word_1_273' title='bbox 818 2974 954 3042; x_wconf 91' lang='lat' dir='ltr'>nanctus,</span> <span class='ocrx_word' id='word_1_274' title='bbox 978 2984 1042 3026; x_wconf 93' lang='lat' dir='ltr'>cum</span> <span class='ocrx_word' id='word_1_275' title='bbox 1061 2963 1120 3025; x_wconf 87' lang='lat' dir='ltr'>iude</span> <span class='ocrx_word' id='word_1_276' title='bbox 1142 3000 1143 3040; x_wconf 55' lang='lat'>,</span> 
     </span>
     <span class='ocr_line' id='line_1_34' title="bbox 130 3047 1120 3129; baseline 0 -22"><span class='ocrx_word' id='word_1_277' title='bbox 130 3047 236 3109; x_wconf 90' lang='lat' dir='ltr'>lectica</span> <span class='ocrx_word' id='word_1_278' title='bbox 251 3052 466 3128; x_wconf 88' lang='lat' dir='ltr'>transferretur,</span> <span class='ocrx_word' id='word_1_279' title='bbox 486 3051 656 3129; x_wconf 88' lang='lat' dir='ltr'>suspexisse</span> <span class='ocrx_word' id='word_1_280' title='bbox 672 3050 774 3110; x_wconf 92' lang='lat' dir='ltr'>dicitur</span> <span class='ocrx_word' id='word_1_281' title='bbox 790 3047 905 3109; x_wconf 90' lang='lat' dir='ltr'>dimotis</span> <span class='ocrx_word' id='word_1_282' title='bbox 927 3049 1044 3127; x_wconf 91' lang='lat' dir='ltr'>pallulis</span> <span class='ocrx_word' id='word_1_283' title='bbox 1060 3066 1120 3109; x_wconf 52' lang='lat' dir='ltr'>caer</span> 
     </span>
     <span class='ocr_line' id='line_1_35' title="bbox 128 3130 1121 3212; baseline 0.002 -22"><span class='ocrx_word' id='word_1_284' title='bbox 128 3130 196 3208; x_wconf 88' lang='lat' dir='ltr'>lum,</span> <span class='ocrx_word' id='word_1_285' title='bbox 212 3132 387 3212; x_wconf 77' lang='lat' dir='ltr'>multumque</span> <span class='ocrx_word' id='word_1_286' title='bbox 412 3144 580 3211; x_wconf 51' lang='lat' dir='ltr'>acquestus</span> <span class='ocrx_word' id='word_1_287' title='bbox 598 3134 679 3212; x_wconf 83' lang='lat' dir='ltr'>eripi</span> <span class='ocrx_word' id='word_1_288' title='bbox 692 3133 754 3195; x_wconf 76' lang='lat' dir='ltr'>stit</span> <span class='ocrx_word' id='word_1_289' title='bbox 768 3133 865 3194; x_wconf 77' lang='lat' dir='ltr'>vitam</span> <span class='ocrx_word' id='word_1_290' title='bbox 879 3133 1039 3195; x_wconf 72' lang='lat' dir='ltr'>tomaene·</span> <span class='ocrx_word' id='word_1_291' title='bbox 1043 3159 1058 3206; x_wconf 83' lang='lat'>,·</span> <span class='ocrx_word' id='word_1_292' title='bbox 1075 3150 1121 3194; x_wconf 83' lang='lat' dir='ltr'>aa·</span> 
     </span>
     <span class='ocr_line' id='line_1_36' title="bbox 128 3216 1133 3297; baseline 0.002 -23"><span class='ocrx_word' id='word_1_293' title='bbox 128 3232 186 3292; x_wconf 85' lang='lat' dir='ltr'>que</span> <span class='ocrx_word' id='word_1_294' title='bbox 201 3217 279 3276; x_wconf 84' lang='lat' dir='ltr'>caim</span> <span class='ocrx_word' id='word_1_295' title='bbox 294 3224 376 3278; x_wconf 71' lang='lat' dir='ltr'>ecto·</span> <span class='ocrx_word' id='word_1_296' title='bbox 390 3249 398 3258; x_wconf 61' lang='lat'>·=</span> <span class='ocrx_word' id='word_1_297' title='bbox 430 3216 511 3278; x_wconf 67' lang='lat' dir='ltr'>¹l¹⁴¹0n</span> <span class='ocrx_word' id='word_1_298' title='bbox 532 3237 617 3279; x_wconf 58' lang='lat' dir='ltr'>eam¹m</span> <span class='ocrx_word' id='word_1_299' title='bbox 626 3217 980 3297; x_wconf 63' lang='lat' dir='ltr'>fortermpctcm&#39;teudam,</span> <span class='ocrx_word' id='word_1_300' title='bbox 998 3224 1133 3295; x_wconf 76' lang='lat' dir='ltr'>eccepto</span> 
     </span>
     <span class='ocr_line' id='line_1_37' title="bbox 128 3297 1124 3381; baseline 0.002 -25"><span class='ocrx_word' id='word_1_301' title='bbox 128 3297 371 3359; x_wconf 42' lang='lat' dir='ltr'>clamitantem*</span> <span class='ocrx_word' id='word_1_302' title='bbox 440 3302 452 3342; x_wconf 72' lang='lat'>&#39;¹</span> <span class='ocrx_word' id='word_1_303' title='bbox 600 3305 668 3346; x_wconf 62' lang='lat' dir='ltr'>&#39;vm-³⁴</span> <span class='ocrx_word' id='word_1_304' title='bbox 728 3321 808 3381; x_wconf 64' lang='lat' dir='ltr'>¹aque</span> <span class='ocrx_word' id='word_1_305' title='bbox 829 3305 894 3381; x_wconf 90' lang='lat' dir='ltr'>ipse</span> <span class='ocrx_word' id='word_1_306' title='bbox 915 3311 982 3361; x_wconf 90' lang='lat' dir='ltr'>tuno</span> <span class='ocrx_word' id='word_1_307' title='bbox 1003 3301 1124 3381; x_wconf 89' lang='lat' dir='ltr'>prodidit</span> 
     </span>
    </p>
   </div>
   <div class='ocr_carea' id='block_1_3' title="bbox 126 3386 1123 3539">
    <p class='ocr_par' dir='ltr' id='par_1_3' title="bbox 126 3386 1123 3539">
     <span class='ocr_line' id='line_1_38' title="bbox 127 3386 1122 3465; baseline -0.014 -10"><span class='ocrx_word' id='word_1_308' title='bbox 127 3398 453 3461; x_wconf 56' lang='lat' dir='ltr'>bellue‘fumus-⁰¹¹⁴·L</span> <span class='ocrx_word' id='word_1_309' title='bbox 522 3425 524 3430; x_wconf 92' lang='lat'>·</span> <span class='ocrx_word' id='word_1_310' title='bbox 698 3386 808 3462; x_wconf 64' lang='lat' dir='ltr'>guidam</span> <span class='ocrx_word' id='word_1_311' title='bbox 828 3387 980 3465; x_wconf 89' lang='lat' dir='ltr'>opinantur</span> <span class='ocrx_word' id='word_1_312' title='bbox 1005 3403 1122 3446; x_wconf 89' lang='lat' dir='ltr'>consue·</span> 
     </span>
     <span class='ocr_line' id='line_1_39' title="bbox 126 3461 1123 3539; baseline -0.011 -18"><span class='ocrx_word' id='word_1_313' title='bbox 126 3461 244 3522; x_wconf 58' lang='lat' dir='ltr'>tudinem</span> <span class='ocrx_word' id='word_1_314' title='bbox 278 3484 383 3513; x_wconf 61' lang='grc' dir='ltr'><strong>’ῡΜ-ᾒι</strong></span> <span class='ocrx_word' id='word_1_315' title='bbox 408 3497 442 3514; x_wconf 72' lang='grc' dir='ltr'>--ιι</span> <span class='ocrx_word' id='word_1_316' title='bbox 498 3501 515 3514; x_wconf 70' lang='grc' dir='ltr'>ι.</span> <span class='ocrx_word' id='word_1_317' title='bbox 554 3505 560 3514; x_wconf 96' lang='grc'>.</span> <span class='ocrx_word' id='word_1_318' title='bbox 685 3471 762 3514; x_wconf 79' lang='lat' dir='ltr'>rnlris</span> <span class='ocrx_word' id='word_1_319' title='bbox 800 3487 882 3514; x_wconf 65' lang='lat' dir='ltr'>nvom</span> <span class='ocrx_word' id='word_1_320' title='bbox 904 3468 1053 3539; x_wconf 65' lang='lat' dir='ltr'>&#39;anhuepjt3</span> <span class='ocrx_word' id='word_1_321' title='bbox 1075 3466 1123 3528; x_wconf 70' lang='lat' dir='ltr'>sed</span> 
     </span>
    </p>
   </div>
   <div class='ocr_carea' id='block_1_4' title="bbox 0 0 1148 3944">
    <p class='ocr_par' dir='ltr' id='par_1_4' title="bbox 0 0 1148 3944">
     <span class='ocr_line' id='line_1_40' title="bbox 0 0 1148 3944; baseline 0 0"><span class='ocrx_word' id='word_1_322' title='bbox 0 0 1148 3944; x_wconf 95' lang='lat' dir='ltr'> </span> 
     </span>
    </p>
   </div>
  </div>
 </body>
</html>
