2256 3930
386 227 490 277 mvus
510 226 700 276 AUGUSTUS.
1006 223 1046 282 45

40 395 103 463 cta,
127 387 197 446 utin
210 401 285 445 nave
306 384 401 442 victor
420 384 646 462 pernoctaverit.
679 382 726 442 Ab
741 386 913 444 Actrocum
933 386 1047 449 Samum

39 473 68 529 in
84 469 206 530 hiberna
222 487 254 529 se
271 468 453 546 recepisset,
477 466 606 526 turbatus
621 467 727 526 nuntiis
742 467 778 527 de
800 468 942 530 seditione
958 490 1044 550 prae-

39 556 97 613 mia
114 563 144 614 et
159 555 324 613 missionem
340 552 537 629 poscentium,
563 568 635 629 quos
656 554 785 612 exomni
804 570 922 614 numero
944 557 1048 616 conie-

40 648 88 698 cta
112 640 236 697 victoria
254 634 433 696 Brundisium
450 637 656 714 praemiserat,
674 638 799 715 repetita
813 635 912 715 ltalia,
934 648 1047 720 tempe-

16 730 117 782 cstate
138 723 168 780 in
189 723 312 781 traiectu
333 718 379 779 bis
407 719 588 779 condictatus
616 721 724 798 (primo
747 722 822 780 inter
848 727 1044 799 promuntorio

39 806 239 884 Peloponnesi
255 813 340 883 atque
353 802 505 880 Aetoliae,
529 821 628 863 rursus
651 806 730 864 circa
744 813 857 864 montes
874 804 1043 886 Ceraunios,

40 889 195 969 utrubique
217 897 301 968 parte
323 888 528 948 liburnicarum
551 887 699 965 demersa,
729 889 811 949 simul
831 891 910 967 eius,
940 893 1044 971 inqua

38 972 221 1051 vehebatur,
245 974 316 1033 lusis
340 973 522 1032 armamentis
543 980 573 1031 et
593 971 793 1049 gubernaculo
818 972 967 1052 diffracto)
989 994 1045 1035 nec

40 1057 165 1136 amplius
182 1075 267 1137 qnam
278 1065 392 1135 septem
410 1064 440 1115 et
454 1057 556 1134 viginti
571 1054 642 1133 dies,
659 1054 753 1116 donec
768 1056 913 1117 desideria
927 1059 1045 1119 militum

13 1141 261 1220 oordinarentur,
284 1139 426 1200 Brundisii
452 1148 661 1217 commoratus,
692 1140 782 1201 Asiae
804 1142 965 1222 Syriaeque
989 1146 1043 1203 cir·

38 1229 118 1286 cuitu
134 1225 302 1305 Aegyptum
319 1227 392 1304 petit
406 1222 585 1304 obsessaque
601 1224 805 1303 Alexandrea,
828 1244 884 1304 quo
901 1227 1044 1287 Antonius

38 1328 105 1370 cum
123 1309 283 1390 Cleopatra
303 1308 492 1386 confugerat,
513 1308 595 1369 brevi
618 1311 726 1387 potitus
747 1320 801 1369 est.
835 1309 873 1369 Et
888 1310 1044 1371 Antonium

37 1394 173 1475 quidem,
193 1412 275 1454 seras
292 1392 473 1453 conditiones
485 1395 567 1472 pacis
582 1401 778 1471 temptantem,
795 1394 831 1454 ad
844 1404 966 1455 mortem
978 1395 1043 1455 ade-

36 1480 83 1557 git
100 1478 229 1558 viditque
244 1487 394 1538 mortuum.
430 1475 624 1556 Cleopatrae,
641 1495 724 1556 quam
739 1487 884 1538 servatam
898 1479 1042 1559 triumpbo

11 1580 222 1642 cmagnopere
245 1561 398 1642 cupiebat,
428 1563 513 1620 etiam
534 1561 648 1640 psyllos
671 1561 810 1640 admovit,
833 1565 881 1642 qui
900 1582 1043 1624 venenum

37 1667 76 1710 ac
97 1650 175 1706 virus
198 1654 377 1724 exugerent,
405 1644 482 1725 quod
504 1648 617 1725 perisse
638 1663 736 1706 morsu
753 1645 861 1725 aspidis
879 1647 1041 1727 putabatur.

36 1730 190 1792 Ambobus
207 1748 386 1792 communem
403 1730 570 1809 sepulturae
590 1729 730 1790 bonorem
744 1730 842 1790 tribuit
857 1750 891 1791 ac
907 1733 1043 1792 tumulum

37 1815 76 1877 ab
98 1816 171 1894 ipsis
192 1815 356 1875 inchoatum
376 1815 480 1894 perlici
495 1816 585 1875 iussit.
622 1814 776 1874 Antonium
791 1816 939 1894 iuvenem,
955 1817 1042 1876 maio·

35 1918 101 1962 rem
116 1899 152 1960 de
177 1899 288 1960 duobus
309 1897 411 1959 Fulvia
426 1900 547 1976 genitis,
570 1898 724 1958 simulacro
739 1898 806 1959 Divi
827 1897 896 1976 luli,
916 1900 951 1960 ad
966 1899 1043 1979 quod

12 2012 25 2051 0
38 1993 110 2065 post
126 1984 230 2044 multas
246 1992 275 2043 et
290 1985 386 2043 irritas
400 2000 507 2062 preces
523 1984 705 2059 confugerat,
722 1982 872 2062 abreptum
887 1985 1041 2043 interemit.

35 2070 112 2130 ltem
134 2067 356 2144 caesarionem,
381 2084 466 2146 quem
482 2085 520 2126 ex
536 2065 664 2127 Caesare
688 2065 846 2145 Cleopatra
868 2069 1043 2146 concepisse

36 2151 244 2234 praedicabat,
268 2159 427 2212 retractum
449 2169 466 2209 e
489 2151 559 2228 iuga
577 2150 722 2229 supplicio
745 2149 862 2210 adiecit.
902 2150 1043 2230 Reliquos

36 2237 158 2298 Antonii
178 2238 357 2316 reginaeque
371 2252 537 2295 communes
557 2235 668 2294 liberos
683 2252 741 2294 non
756 2252 842 2294 secus
859 2253 894 2294 ac
914 2236 1043 2295 necessi·

36 2319 137 2382 tudine
153 2322 266 2381 iunctos
274 2320 330 2380 sibi
345 2329 374 2380 et
388 2321 575 2380 conservavit
590 2328 619 2378 et
632 2336 700 2379 mox
708 2335 762 2397 pro
777 2318 942 2379 conditione
950 2321 1042 2378 cuius·

11 2423 97 2486 aque
114 2405 246 2465 sustinuit
261 2423 295 2465 ao
314 2405 397 2465 fovit.
426 2402 484 2463 Per
498 2403 573 2463 idem
595 2412 708 2483 tempus
727 2402 917 2463 conditorium
933 2411 963 2464 et
978 2420 1041 2463 cor·
1051 2413 1085 2466 18

37 2509 94 2569 pus
108 2489 206 2567 Magni
221 2487 398 2564 Alexandri,
431 2506 494 2547 cum
510 2489 653 2566 prolatum
670 2505 687 2546 e
707 2487 851 2567 penetrali
869 2487 1043 2548 subiecisset

38 2573 148 2650 oculis,
165 2591 275 2634 corona
293 2591 381 2633 aurea
398 2573 533 2650 imposita
551 2591 585 2633 ac
601 2572 721 2632 lloribus
741 2574 869 2651 aspersis
884 2580 1042 2632 veneratus

38 2666 100 2734 est,
125 2658 348 2736 consultusque,
369 2674 434 2716 num
456 2665 485 2716 et
497 2656 694 2718 Ptolemaeum
708 2657 856 2735 inspicere
871 2656 976 2733 vellet,
991 2673 1040 2715 re·

36 2760 105 2822 pem
119 2741 303 2802 recoluisse
317 2743 356 2802 ait
368 2741 485 2818 cidere,
501 2759 564 2802 ccc
576 2747 725 2802 mortuos.
751 2740 919 2819 Aegyptum
933 2741 963 2797 in
974 2756 1040 2817 pro·

9 2850 28 2890 tc
40 2828 156 2886 vinciae
174 2826 296 2886 formam
312 2824 459 2885 redactam
473 2833 503 2884 ut
518 2825 693 2885 feraciorem
710 2824 940 2901 habilioremque
955 2840 1042 2882 anno·

39 2929 94 2970 nae
110 2910 229 2970 urbicae
244 2909 395 2986 redderet,
413 2909 510 2970 iossas
526 2911 634 2986 omnis,
650 2910 680 2968 in
695 2928 766 2988 quas
782 2908 865 2967 Nilus
882 2914 1041 2982 exaestuat,

39 2994 192 3054 oblimatas
221 2994 311 3072 longa
328 3001 474 3053 vetustate
495 2993 611 3053 militari
632 3010 724 3071 opere
747 2991 879 3052 detersit.
920 2990 1042 3068 Quoque

38 3080 180 3139 Actiacae
196 3079 337 3138 victoriae
354 3079 493 3138 memoria
511 3077 688 3137 celebratior
703 3077 775 3136 etin
790 3083 938 3154 posterum
952 3082 1041 3151 esset,

37 3162 139 3222 urbem
153 3162 320 3242 Nicopolim
340 3160 416 3240 apud
437 3160 552 3222 Actium
571 3159 698 3220 condidit
718 3157 861 3237 ludosque
880 3156 941 3217 illic
962 3158 1041 3236 quin·

8 3269 29 3309 aa
41 3246 200 3327 quennales
223 3247 372 3307 constituit
391 3254 421 3305 et
435 3245 570 3324 ampliato
588 3253 691 3304 vetere
705 3242 852 3322 Apollinis
874 3241 984 3321 templo
999 3239 1040 3302 lo·

40 3349 104 3391 cnm
131 3340 309 3409 castrorum,
339 3329 442 3409 quibus
470 3330 565 3389 iuerat
586 3346 670 3406 usus,
701 3335 870 3387 exornatum
892 3324 1041 3387 navalibus

38 3415 143 3496 spoliis
156 3415 293 3495 Neptuno
309 3432 344 3475 ac
359 3414 444 3475 blarti
460 3412 654 3473 consecravit.

102 3498 251 3561 Tumultus
267 3497 392 3579 postbac
410 3506 440 3557 et
453 3516 549 3558 rernm
565 3513 704 3557 novarum
721 3494 800 3557 initia
816 3494 1084 3558 coniurationes-19
