2286 3944
409 221 513 269 nrvus
530 222 712 271 cnnnnms.
1003 213 1061 272 163

57 376 235 458 quaestoriis
256 377 469 454 praetoriisque
492 379 666 435 ornamentis
682 376 818 437 honorari
839 377 932 436 libens
960 396 1061 455 passus

58 470 121 531 sst;
144 468 251 519 tantum
270 467 424 537 practerea
442 459 596 537 adquirere
619 469 648 519 et
669 479 789 539 rapere,
812 470 842 519 ut
864 470 1003 539 querente
1024 478 1060 520 eo

59 544 205 623 qnondam
221 541 256 602 de
272 542 336 601 lisci
353 543 510 619 exiguitate
520 560 577 602 non
590 543 712 603 absurde
728 544 832 603 dictum
849 546 901 620 sit,
919 543 1059 604 ubunda-

57 635 177 704 numu,
194 626 225 686 si
238 643 259 685 a
273 625 394 686 duobus
405 625 524 686 libertis
539 627 572 685 iu
581 626 768 687 consortium
781 627 979 705 reciperetur.
998 629 1060 705 His,
1069 647 1103 701 29

31 720 90 771 snt
107 710 181 788 dixi,
202 709 399 788 uxoribusque
416 710 561 786 addictus,
583 728 640 770 non
658 711 818 788 principem
840 730 887 787 se,
911 711 961 770 sed
982 713 1060 771 mini-

56 804 150 857 strum
165 796 244 871 egit,
262 793 434 872 compendio
452 795 589 872 cuiusque
606 793 705 852 horum
724 794 771 852 vel
788 795 872 853 etiam
897 795 990 854 studio
1015 804 1062 855 aut

58 878 179 939 libidine
198 877 326 937 honores
343 879 489 936 exercitus
505 877 687 955 impunitates
706 877 849 955 supplicia
871 878 991 954 largitus
1007 888 1061 954 est,

59 961 219 1041 etquidem
237 962 364 1020 insciens
384 960 553 1039 plerumque
568 970 597 1019 et
611 963 738 1037 ignarus.
781 961 827 1020 Ac
844 978 879 1018 ne
897 961 1061 1038 singillatim

57 1047 172 1106 minora
192 1061 308 1122 quoque
330 1040 511 1121 enumerem,
538 1054 691 1104 revocatas
712 1044 903 1103 liberalitates
927 1048 1003 1121 eius,
1021 1047 1061 1103 iu·

23 1144 49 1186 so
59 1130 136 1190 dicia
157 1129 301 1203 rescissa,
322 1128 492 1205 suppositos
513 1129 660 1187 autetiam
682 1128 775 1205 palam
800 1130 959 1187 immutatos
983 1128 1061 1188 dato·

57 1232 122 1274 rum
135 1211 295 1271 ciliciorum
306 1211 477 1271 codicillos:
491 1211 616 1289 Appium
628 1211 753 1270 Silanum
767 1229 958 1271 consocerum
970 1230 1060 1287 suurn,

57 1295 205 1373 Iuliasque
226 1294 344 1354 alteram
363 1294 468 1371 Drusi,
490 1295 609 1354 alteram
631 1295 791 1355 Germanici
812 1295 914 1371 liliam,
946 1298 1061 1354 crimine

57 1383 173 1441 incerto
188 1396 244 1437 nec
260 1377 431 1437 defensione
446 1377 505 1438 ulla
520 1378 583 1437 data
599 1379 721 1455 occidit,
737 1381 804 1438 item
817 1378 876 1438 CN.
894 1379 1061 1458 Pompeium

58 1463 179 1524 maioris
191 1461 267 1520 filiae
283 1463 392 1537 simun,
410 1469 439 1520 et
452 1461 483 1520 L.
501 1462 627 1520 Silanum
639 1464 756 1521 minoris
771 1481 918 1542 sponsum.
941 1463 987 1523 Ex
1000 1463 1060 1540 qui-

26 1547 115 1607 ¹⁵bus
130 1545 284 1624 Pompeius
297 1546 325 1603 in
338 1545 491 1605 concubitu
507 1545 605 1604 dilecti
617 1546 824 1606 adulescentuli
839 1549 993 1606 confossus
1006 1555 1060 1622 est,

60 1631 176 1691 Silanus
187 1627 322 1688 abdicare
338 1647 371 1688 se
386 1638 521 1707 praetura
537 1638 602 1688 ante
617 1628 681 1688 llll.
696 1630 743 1689 lll.
758 1629 817 1689 Ian.
833 1633 964 1709 morique
980 1630 1060 1688 initio

60 1715 127 1775 anni
144 1721 279 1789 coactns,
302 1711 347 1770 dia
371 1714 437 1790 ipso
455 1711 565 1772 Claudii
584 1722 612 1772 et
627 1713 809 1791 Agrippinae
828 1716 997 1793 nuptiarum.
1028 1711 1062 1771 In

60 1799 187 1876 quinque
212 1804 241 1854 et
263 1796 381 1872 triginta
404 1805 556 1856 senatores
578 1805 784 1874 trecentosque
805 1799 928 1876 amplius
948 1798 1061 1875 equites

58 1882 95 1942 R.
112 1888 189 1939 tanta
210 1879 350 1938 facilitate
375 1880 589 1956 animadvertit,
615 1889 659 1956 ut,
682 1881 718 1938 de
733 1899 808 1940 nece
830 1880 992 1939 consularis
1008 1880 1061 1939 viri

23 1964 240 2024 abrenuntiante
256 1964 425 2022 centurione
441 1964 547 2022 iactum
562 1983 628 2023 esse
643 1963 721 2041 quod
736 1965 925 2042 imperasset,
940 1970 1062 2039 negaret

59 2048 213 2127 quicquam
228 2063 261 2106 se
279 2047 455 2124 imperasse,
472 2047 562 2106 nihilo
574 2050 667 2105 minus
682 2065 743 2105 rem
757 2046 969 2123 comprobaret,
986 2045 1061 2104 altir-

58 2129 203 2190 mantibus
222 2129 334 2189 libertis
361 2130 460 2190 oflicio
481 2131 587 2188 milites
608 2131 741 2204 functos,
772 2128 848 2207 quod
869 2129 904 2188 ad
924 2128 1062 2187 ultionem

57 2214 244 2292 imperatoris
256 2212 332 2273 ultro
344 2216 605 2292 procucurrissent.
622 2213 694 2271 Nam
707 2212 777 2271 illud
790 2229 902 2271 omnem
916 2212 1000 2271 fidem
1012 2231 1060 2270 ex·

60 2298 186 2358 cesserit
198 2297 274 2375 quod
286 2298 408 2376 nuptiis,
426 2316 495 2376 quas
507 2297 663 2356 Messalina
679 2314 742 2355 cum
754 2296 884 2356 adultero
898 2296 970 2355 Silio
982 2296 1060 2355 lece-

23 2398 49 2440 κ
57 2390 114 2458 rat,
125 2379 250 2440 tabellas
259 2380 334 2440 dotis
346 2382 446 2460 etipse
456 2382 680 2457 consignaverit,
694 2380 835 2456 inductus,
847 2382 928 2458 quasi
939 2379 974 2440 de
982 2378 1059 2438 indu-

57 2466 130 2526 stria
148 2463 349 2524 simularentur
375 2464 410 2525 ad
433 2464 618 2524 avertendum
641 2464 927 2544 transferendumque
947 2466 1060 2544 penicu-

57 2549 133 2626 lum,
150 2547 227 2625 quod
243 2548 390 2607 imminere
405 2548 462 2626 ipsi
477 2566 531 2626 per
547 2547 686 2626 quaedam
699 2558 811 2608 ostenta
827 2550 1059 2627 portenderetur.

98 2678 104 2684 .
121 2630 288 2692 Auctoritas
307 2630 490 2709 dignitasque
505 2632 614 2691 formae
637 2650 694 2692 non
717 2633 829 2692 deluit*
846 2633 893 2691 vel
909 2634 995 2692 stanti
1011 2632 1102 2697 sclao

58 2714 173 2776 sedenti
189 2733 223 2774 ac
238 2716 397 2794 praecipue
419 2717 595 2793 quiescenti;
626 2718 705 2794 (nam
728 2725 757 2775 et
777 2717 892 2795 prolixo
915 2733 971 2774 nec
991 2715 1060 2772 exili

23 2817 49 2860 so
60 2815 189 2876 corpore
205 2807 283 2874 erat,
301 2809 329 2858 et
341 2799 442 2877 specie
456 2800 616 2878 canitieque
629 2800 744 2877 pulcra,
761 2801 864 2878 opimis
880 2797 1059 2877 cervicibus)

60 2891 190 2943 ceterum
213 2891 242 2941 et
262 2882 474 2959 ingredientem
496 2882 689 2942 destituebant
709 2883 837 2962 poplites
863 2884 954 2941 minus
977 2882 1059 2958 firmi,

58 2975 89 3026 et
104 2966 227 3025 remisse
241 2966 309 3043 quid
321 2965 369 3025 vel
385 2967 463 3027 senio
475 2976 610 3045 agentem
621 2967 708 3026 multa
724 2965 968 3025 dehonestabant:
984 2967 1059 3024 risus

57 3048 213 3126 indecens,
239 3050 281 3109 ira
308 3051 421 3128 turpior
449 3059 598 3129 spumante
627 3053 715 3127 rictu,
743 3049 903 3109 umentibus
930 3049 1057 3124 naribus,

57 3142 214 3212 praeterea
229 3132 347 3210 linguae
363 3133 527 3211 titubantia,
551 3144 694 3212 caputque
718 3151 781 3191 cum
800 3151 929 3210 semper,
959 3141 1015 3191 tum
1030 3135 1059 3191 in

20 3236 46 3278 ss
57 3214 321 3295 quantulocumque
337 3227 402 3277 actu
418 3218 465 3278 vel
480 3219 602 3278 maxime
618 3216 777 3277 tremulum.
805 3216 970 3276 Valitudine
986 3217 1099 3284 sicut31

55 3300 127 3360 olim
141 3303 235 3377 gravi,
251 3301 290 3360 ita
307 3303 446 3380 princeps
462 3319 605 3380 prospera
620 3320 688 3360 usus
704 3309 760 3376 est,
776 3309 903 3378 excepto
919 3302 1058 3361 stomachi

55 3383 179 3460 dolore,
196 3401 253 3463 quo
268 3402 301 3444 se
318 3396 484 3464 correptum
501 3387 585 3446 etiam
601 3385 636 3445 de
650 3383 858 3444 consciscenda
873 3395 965 3445 morte
978 3387 1057 3463 eogi-

54 3466 231 3529 lassedirit.

825 3551 887 3613 11*
