2286 3944
71 252 75 291 :
416 224 521 271 orvns
543 223 733 274 sponsans.
840 250 842 255 ,
1032 215 1072 276 39

62 296 75 335 -i

88 395 209 439 roarum
228 376 405 457 exprobrat,
427 380 586 439 restionem
607 398 623 439 e
645 397 724 459 pago
743 379 888 459 Thurino,
918 355 1001 440 arum
1028 398 1072 441 ar·

90 465 237 522 notarium.
270 461 335 522 Nec
355 463 507 540 quicquam
523 464 595 523 ultra
617 462 653 523 de
668 466 796 542 paternis
814 427 1141 542 AugustimaioriW

89 565 122 606 ns
136 547 264 626 repperi.

132 629 164 690 G.
181 629 319 690 Octavius
337 639 421 710 pater
443 649 460 690 a
479 632 623 710 principio
644 632 746 691 aetatis
766 626 795 692 e't
815 651 848 692 re
870 641 900 694 et
926 635 1099 696 existima-3

41 718 147 776 stione
161 733 266 792 magna
280 715 349 792 tuit,
372 723 403 774 ut
418 715 552 793 equidem
567 717 655 774 mirer
670 714 747 775 hunc
763 733 879 795 quoque
894 736 911 778 a
925 718 1072 779 nonnullis

66 801 263 878 argentarium
282 808 367 879 atque
388 800 474 858 etiam
492 801 568 858 inter
595 799 739 879 divisores
769 817 934 880 operasque
956 821 1070 882 campe·

10 935 17 950 .
65 885 136 944 stris
157 883 316 963 proditum;
344 883 447 962 amplis
467 884 542 943 enim
563 885 715 943 innutritus
743 884 864 963 opibus,
892 884 1021 945 honores
1042 895 1072 946 et

64 969 189 1047 adeptus
219 976 265 1027 est
291 968 379 1028 facile
409 976 438 1027 et
467 969 590 1044 egregie
617 967 833 1028 administrarit.
870 968 917 1029 Ex
937 979 1072 1050 praetura

63 1052 266 1114 Macedoniam
286 1053 422 1129 sortitus,
451 1053 606 1130 fugitivos,
629 1051 774 1113 residuam
797 1054 930 1132 Spartaci
949 1063 978 1113 et
996 1053 1072 1114 Gati-

24 1139 144 1199 aolinae
164 1154 293 1214 manum,
316 1135 471 1196 Thurinum
492 1154 592 1214 agrum
611 1138 753 1214 tenentis,
775 1138 805 1196 in
825 1139 928 1198 itinere
951 1137 1072 1216 delerit,

63 1222 188 1299 negotio
202 1221 258 1280 sibi
272 1223 301 1280 in
316 1230 418 1281 senatu
434 1230 517 1282 extra
537 1220 667 1280 ordinem
686 1221 763 1281 dato.
796 1221 971 1283 Provinciae
988 1241 1071 1302 prae-

62 1307 120 1366 fuit
136 1323 195 1365 non
212 1307 324 1364 minore
340 1306 446 1366 iustitia
462 1323 545 1385 quam
561 1304 744 1376 iortitndine;
768 1323 889 1386 namque
911 1307 1011 1367 Bessis
1038 1325 1073 1368 ac

64 1389 228 1451 Thracibus
246 1407 352 1466 magno
367 1390 483 1469 proelio
505 1389 594 1467 fusis,
616 1391 656 1450 ita
674 1392 774 1450 socios
788 1393 941 1469 tractarit,
963 1401 994 1452 ut
1011 1393 1071 1471 epi·

10 1536 18 1555 ,
64 1474 163 1535 stolae
176 1473 214 1535 Μ.
233 1472 387 1534 Ciceronis
406 1483 508 1534 extent
528 1474 632 1555 quibus
653 1475 788 1550 Quintum
807 1475 944 1555 fratrem,
968 1475 1071 1536 eodem

23 1578 53 1619 as
65 1569 199 1638 tempore
215 1577 316 1638 parum
337 1555 560 1619 secunda'lama
580 1560 819 1638 proconsulatum
842 1559 933 1622 Asiae
954 1560 1071 1622 admini-

63 1652 220 1720 strantem,
241 1643 373 1703 hortatur
386 1652 415 1702 et
434 1653 550 1721 monet,
573 1645 699 1703 imitetur
715 1647 743 1704 in
759 1645 961 1723 promerendis
981 1647 1072 1706 sociis

61 1729 191 1789 vicinum
211 1745 293 1786 suurn
316 1726 475 1788 Octavium.
510 1727 665 1788 Decedens
681 1728 870 1808 Macedonia,
891 1731 971 1809 prius
987 1735 1097 1810 qnamt

10 1824 13 1839 ¹
61 1812 198 1894 profiteri
213 1830 245 1870 se
262 1811 442 1872 candidatum
457 1814 623 1873 consulatus
645 1823 764 1892 posset,
789 1823 912 1874 mortem
931 1815 1003 1875 obiit
1025 1833 1070 1874 re·

62 1897 229 1977 pentinam,
255 1896 460 1975 superstitibus
488 1897 589 1957 liberis
618 1896 738 1958 Octavia
766 1900 893 1975 maiore,
922 1917 1005 1978 quam
1034 1917 1072 1958 ex

22 1980 230 2057 20Anclraria,
253 1989 283 2040 et
304 1979 424 2042 Octavia
445 1983 556 2042 minore
577 1984 645 2042 item
665 1980 818 2058 Augusto,
849 2000 923 2060 quos
943 2002 981 2042 ex
1005 1981 1072 2042 Atia
1105 2010 1119 2059 p

10 2080 20 2131 t
63 2065 182 2126 tulerat.
205 2064 273 2125 Atia
287 2064 325 2126 Μ.
342 2065 411 2127 Atio
427 2064 518 2126 Balbo
535 2075 565 2125 et
578 2066 659 2141 Iulia,
683 2083 788 2125 sorore
804 2064 837 2125 C.
855 2064 1002 2143 Caesaris,
1021 2083 1072 2142 ge-

62 2151 125 2210 nita
144 2159 198 2209 est.
233 2149 356 2227 Balbus,
384 2159 506 2230 patema
527 2152 618 2229 stirpe
634 2149 782 2226 Aricinus,
805 2150 902 2208 multis
921 2152 951 2210 in
965 2149 1073 2210 familia

10 2272 38 2354 3
62 2235 222 2294 senatoriis
236 2233 427 2312 imaginibus,
451 2253 467 2295 a
486 2244 577 2295 matre
591 2234 727 2311 lllagnum
741 2233 910 2313 Pompeium
928 2236 1072 2295 artissimo

64 2318 257 2419 cpntingebat
271 2318 363 2396 gradu
379 2319 553 2399 functusque
566 2319 680 2378 honore
697 2328 851 2397 praeturae
866 2320 943 2378 inter
957 2319 1072 2396 viginti·

24 2404 148 2466 asriros
165 2421 265 2480 agrum
280 2401 455 2483 Campanum
470 2404 549 2503 plebi
567 2403 639 2464 lulia
655 2403 724 2480 lege
741 2402 848 2464 divisit.
873 2404 982 2464 Verum
997 2403 1073 2463 idem

60 2486 227 2581 Antonius,
263 2486 430 2567 despiciens
456 2489 543 2549 etiam
572 2498 730 2548 maternam
759 2487 885 2566 Augusti
918 2491 1072 2566 originem,

61 2590 207 2652 proavum
222 2573 284 2631 eius
298 2571 364 2633 Afri
385 2574 504 2650 generis
525 2574 616 2633 luisse
639 2581 668 2632 et
685 2572 773 2634 modo
794 2576 1011 2651 unguentariam
1032 2582 1072 2634 ta·

60 2653 184 2716 bernam
205 2656 292 2716 modo
312 2658 462 2736 pistrinum
483 2657 601 2718 Ariciae
625 2659 796 2718 exercuisse
816 2658 915 2719 obicit.
955 2656 1073 2718 Cassius

64 2739 181 2819 quidem
200 2739 364 2801 Parmensis
386 2741 507 2821 quadam
533 2741 660 2821 epistola
684 2759 743 2802 non
762 2751 870 2803 tantum
891 2750 921 2800 ut
941 2742 1072 2820 pistoris,

10 2825 118 2915 'used
150 2826 235 2884 etiam
269 2835 299 2884 ut
334 2826 501 2887 nummulari
534 2834 671 2906 nepotem
708 2829 751 2886 sic
787 2834 866 2886 taxat
894 2824 1072 2922 Augustum:

64 2905 211 2969 llnterno
230 2908 288 2970 tibi
309 2907 453 2988 forinost
484 2929 524 2970 en
550 2910 736 2972 erudissimo
763 2907 894 2972 Ariciae
921 2907 1072 2987 pistrino:

10 2988 148 3053 lone
180 2993 272 3071 finxit
297 2993 442 3055 monibus
469 2994 590 3074 collybo
626 2994 818 3056 decoloratis
851 2991 1075 3055 Nerulonensis

65 3077 250 3138 sensurias.

79 3184 82 3188 ·
126 3160 217 3222 Natus
247 3172 292 3223 est
320 3162 469 3241 Augustus
503 3164 542 3225 itt.
577 3164 673 3224 Tullio
704 3163 850 3223 Cicerone
880 3159 913 3220 G.
943 3159 1097 3228 Antonios

31 3256 166 3306 uronss.
188 3245 280 3307 Vllll.
302 3246 367 3307 llal.
390 3247 514 3326 Octob.‚
543 3248 630 3328 paulo
661 3257 727 3308 ante
755 3247 828 3307 solis
851 3253 1000 3322 exortum,
1027 3263 1072 3305 re·

67 3334 155 3407 pinne
170 3330 278 3410 Palati,
301 3331 337 3392 ad
360 3329 462 3413 (lapita
484 3332 608 3408 bubula,
631 3331 680 3391 ubi
701 3349 776 3390 nuno
803 3331 959 3391 sacrarium
974 3328 1072 3407 habet,

15 3418 44 3488 k
67 3418 214 3493 dionanto
233 3424 403 3496 postquam
425 3419 555 3478 excessit
579 3418 774 3476 constitutum.
811 3415 884 3476 Nam
904 3423 934 3474 ut
955 3423 1072 3476 senatus

70 3501 139 3560 totis
163 3500 342 3579 continetur,
367 3519 431 3562 cum
454 3499 488 3562 G.
504 3501 670 3577 Laetorius,
692 3498 865 3560 adulescens
886 3500 1000 3580 patricii
1018 3515 1070 3575 ge·
