2286 3944
117 173 176 236 158
204 186 234 236 c.
250 185 400 234 snunour
417 183 545 243 ummo.
561 184 610 231 uu
624 183 708 230 mnu
729 182 913 231 amsuunu
926 183 999 231 urs.
1014 183 1049 230 v.

115 357 228 420 perque
255 339 376 399 mediam
404 355 538 415 caveam,
567 336 734 398 sedentibus
760 355 796 397 aa
817 336 970 397 silentibus
995 339 1113 416 cunctis,

116 423 327 483 descendisset.
374 421 457 482 Fecit
487 431 516 481 et
546 421 734 497 Saeculares,
768 422 850 499 qnasi
876 422 1054 500 anticipatos
1079 422 1112 484 ab

116 507 250 584 Augusto
266 524 322 566 nec
347 507 478 583 legitimo
499 507 624 584 tempori
644 514 827 582 reservatos,
847 508 978 583 quamvis
1002 508 1112 586 ipsein

116 592 246 652 historiis
262 594 321 650 suis
336 589 456 669 prodat,
478 591 657 651 intermissos
679 606 732 648 eos
746 588 908 667 Augustum
927 590 1019 649 multo
1039 599 1111 668 post,

117 675 337 753 diligentissime
350 691 487 734 annorum
495 677 605 734 ratione
614 672 763 749 subducta,
775 675 803 732 in
815 673 944 732 ordinem
952 673 1129 751 redegissem

118 760 216 836 Quare
229 778 289 819 vox
303 760 458 839 praeconis
478 759 561 818 irrisa
584 766 645 832 est,
669 757 812 815 invitantis
827 774 908 816 more
928 758 1066 817 sollemni
1080 758 1112 817 ad

116 843 218 920 ludos,
234 861 312 924 quos
325 862 382 903 uec
392 849 564 920 spectasset
573 841 735 921 quisquam
746 858 804 900 uec
813 847 1012 919 spectaturus
1026 848 1110 917 esset,

117 945 182 988 cum
199 935 392 1006 superessent
405 926 498 986 adbuc
512 927 560 1005 qui
582 932 802 1004 spectaverant,
826 933 854 984 et
870 924 986 1002 quidam
1000 925 1110 986 histrio·

116 1031 183 1072 uum
204 1011 338 1090 producti
362 1011 431 1070 olim
456 1019 524 1070 tuuc
545 1027 661 1088 quoque
682 1007 921 1086 producerentur.
957 1007 1112 1069 Circenses

115 1096 285 1174 frequenter
308 1096 393 1154 etiam
409 1095 437 1152 in
453 1095 596 1154 Vaticano
621 1093 776 1169 commisit,
799 1110 1012 1170 nonnumquam
1028 1096 1137 1154 inter-u

115 1181 191 1239 iectu
213 1197 267 1257 per
288 1179 393 1256 quinos
407 1178 510 1236 missus
530 1178 696 1236 venatione.
716 1174 804 1237 Circo
816 1193 887 1236 vero
901 1177 1027 1237 marimo
1043 1196 1110 1237 mar·

114 1264 223 1322 morsis
240 1260 405 1322 carceribus
428 1262 594 1338 auratisque
617 1262 717 1337 metis,
740 1278 815 1338 quae
835 1265 957 1339 ubsque
978 1270 1008 1320 et
1028 1263 1111 1321 tolim

114 1365 150 1407 ac
162 1347 258 1423 lignea
270 1354 354 1405 antea
363 1344 487 1420 fuerant,
501 1345 628 1421 exculto,
642 1345 762 1423 propria
774 1344 955 1404 senatoribus
968 1346 1112 1406 coustituit

114 1430 179 1489 loca
196 1429 361 1507 promiscue
382 1437 518 1506 spectare
540 1429 649 1497 solitis;
676 1447 712 1488 aa
729 1447 819 1507 super
833 1428 1037 1507 quadrigarum
1054 1448 1110 1490 cer·

113 1513 218 1572 taurina
233 1511 338 1572 Troiae
355 1511 447 1571 lusum
460 1512 588 1572 exhibuit
605 1521 634 1572 et
647 1510 817 1588 Africanas,
835 1513 1008 1573 conficiente
1025 1523 1136 1573 turmas

114 1597 239 1674 equitum
256 1598 518 1674 praetorianorum,
535 1596 656 1656 ducibus
670 1595 792 1655 tribunis
806 1598 929 1676 ipsoque
945 1597 1110 1676 praelecto;

114 1689 269 1758 praeterea
295 1679 453 1740 Thessalos
480 1683 610 1759 equites,
638 1682 684 1758 qui
713 1681 795 1740 feros
822 1689 920 1740 tauros
946 1699 1000 1759 per
1023 1683 1111 1760 spatia

115 1764 185 1823 circi
204 1773 293 1840 agunt
313 1764 497 1843 insiliuntque
520 1764 656 1824 defessos
676 1773 705 1823 et
725 1764 761 1824 ad
783 1772 888 1824 terram
912 1764 1050 1824 cornibus
1066 1765 1110 1824 de

113 1847 237 1908 trahunt.

177 1931 352 1993 Gladiatoria
381 1950 499 1992 munera
522 1931 699 2010 plurifariam
722 1949 756 1991 ac
777 1931 945 2009 multiplicia
969 1931 1137 1990 exhibuit:u

115 2017 340 2076 anniversarium
361 2017 391 2076 in
413 2018 516 2076 castris
532 2016 724 2094 praetorianis
741 2016 804 2074 sine
821 2017 977 2075 venatione
992 2033 1110 2094 appara·

115 2109 222 2180 tuque,
244 2103 346 2160 iustum
364 2109 450 2179 atque
470 2099 628 2178 legitimum
642 2100 671 2157 in
686 2099 799 2177 Septis;
829 2098 935 2158 ibidem
954 2099 1111 2159 extraordi-

115 2185 225 2244 narium
250 2193 279 2244 et
301 2185 391 2244 breve
414 2184 581 2262 dierumque
605 2199 775 2262 paucorum,
805 2182 939 2262 quodque
962 2183 1111 2262 appellare

117 2271 216 2346 coepit
231 2268 453 2348 sportulam,
473 2269 538 2346 quia
554 2268 674 2345 primum
686 2266 802 2326 daturus
815 2265 962 2343 edixerat,
977 2265 1113 2328 velutad

114 2350 250 2412 subitam
263 2352 495 2430 condictamque
508 2350 668 2412 coenulam
682 2349 816 2411 incitare
828 2368 863 2410 aa
875 2351 1033 2429 populum.
1051 2350 1139 2411 Neon

114 2434 173 2493 ullo
192 2436 353 2513 spectaculi
369 2452 479 2512 genere
503 2435 678 2495 communior
699 2442 746 2493 aut
766 2437 916 2494 remissior
933 2443 1011 2511 eret,
1040 2434 1111 2494 adeo

113 2525 144 2576 nt
158 2516 274 2578 oblatos
286 2517 446 2579 victoribus
458 2535 562 2577 aureos
573 2517 687 2596 prolata
700 2518 814 2578 sinistra
825 2521 935 2597 pariter
947 2535 1011 2577 cum
1024 2519 1111 2596 vulgo

113 2617 191 2661 voce
216 2601 371 2680 digitisque
391 2609 570 2677 numeraret,
603 2619 638 2660 ac
657 2618 748 2679 saepe
764 2600 906 2661 hortando
922 2601 1112 2681 rogandoque

113 2683 150 2745 ad
163 2685 335 2746 bilaritatem
350 2684 481 2744 homines
500 2693 693 2763 provocaret,
709 2684 874 2745 dominos
891 2683 1047 2746 identidem
1063 2704 1111 2764 ap·

113 2768 245 2848 pelluus,
267 2768 399 2829 immixtis
415 2767 555 2828 interdum
570 2767 683 2845 frigidis
699 2776 728 2828 et
743 2770 892 2829 arcessitis
907 2769 997 2838 iocis;
1020 2770 1141 2848 qualisu

114 2861 160 2912 est
177 2862 207 2912 ut
222 2871 285 2912 cum
300 2851 465 2913 Palumbum
485 2851 697 2930 postulantibus
713 2851 841 2912 daturum
862 2871 896 2913 se
911 2854 1063 2930 promisit,
1086 2853 1115 2913 ai

114 2942 227 3014 captus
238 2943 326 2997 esset.
344 2935 418 2996 lllud
430 2936 516 3014 plane
529 2936 708 3014 quantumvis
720 2935 912 2996 salubriteret
926 2937 1112 3016 intempore:

114 3037 178 3078 cum
195 3021 359 3098 essedario,
382 3037 437 3100 pro
459 3037 515 3099 quo
531 3027 664 3098 quattuor
679 3019 719 3079 lili
734 3019 982 3097 deprecabantur,
1006 3039 1113 3099 magno

113 3105 237 3164 omnium
252 3105 355 3167 lavore
376 3103 542 3164 indulsisset
557 3102 674 3180 rudem,
695 3103 820 3164 tabulam
835 3104 904 3163 ilico
923 3105 1000 3163 misit
1016 3105 1101 3166 admo

111 3203 184 3246 nens
198 3188 344 3267 populum,
360 3194 474 3269 quauta
486 3205 580 3266 opere
590 3185 706 3248 liberos
717 3185 1021 3266 susciperedeberet,
1036 3207 1115 3268 quoa
1126 3220 1139 3237 ι.

110 3269 230 3331 uideret
251 3278 281 3333 et
300 3271 476 3351 gladiatori
493 3271 656 3350 praesidio
675 3270 859 3351 gratiaeque
872 3289 948 3332 ease.
971 3271 1069 3333 Edidit
1086 3283 1115 3334 et

109 3350 138 3410 ln
161 3352 265 3413 Martio
289 3373 391 3435 campo
416 3357 659 3433 m‹pugnatiouem
684 3355 932 3434 direptionemque
956 3358 1056 3436 oppidi
1079 3357 1115 3418 ad

108 3435 260 3511 imaginem
278 3437 409 3494 bellic-a.
448 3477 451 3482 -
483 3439 653 3498 dedicassem
669 3437 831 3499 Britanniae
849 3457 968 3518 regum,
992 3459 1115 3520 praese·
