2256 3930
423 245 627 293 PRAEFATIO.
893 242 968 289 xvn

65 406 280 479 Antiquissima
297 411 340 461 est
354 405 520 479 Polyaenus,
531 403 577 475 qui
595 409 723 474 excerpta
740 418 755 457 e
773 401 836 457 Divi
853 400 916 456 lulli
939 407 966 456 et

65 491 127 548 Divi
142 489 262 559 Augusti
278 489 343 543 ritis
363 487 547 559 quadraginta
569 487 629 540 iere
652 485 730 540 anuis
746 491 891 556 postquam
907 486 965 540 edi-

64 581 110 631 tae
125 579 187 630 sunt
203 574 230 627 in
248 575 306 628 suis
325 570 536 642 stratagematis
551 573 584 639 8,
604 574 647 627 23.
669 574 703 626 24
718 569 853 639 reposuit.
899 568 967 625 Cas-

64 659 134 714 sium
156 671 266 727 quoque
284 655 399 710 Dionem
414 653 549 709 Suetonio
570 652 696 707 studiose
715 668 792 706 usum
809 669 889 722 esse,
912 651 966 707 etsi

64 757 117 796 uon
135 741 291 807 contitutus,
307 737 400 807 arguit
415 738 494 794 locus
510 742 554 805 64,
570 741 748 805 11—13quc
764 735 827 791 loco
844 752 876 791 aa
894 751 965 806 quae

64 822 214 879 Suetonius
230 840 256 894 p.
273 827 338 890 213,
359 820 495 891 tepueris
511 818 554 874 sui
576 818 630 873 ilde
654 817 681 872 in
699 819 807 872 litteras
821 819 965 888 retulerat,

63 914 199 979 tamquam
219 906 291 977 apud
315 904 465 960 historicos
488 903 600 958 inventa
623 900 763 972 repetivit.
809 902 849 955 lla
864 901 966 957 Latinis

62 989 270 1061 antiquissimus
286 993 329 1043 est
341 987 536 1055 Tertullianus,
549 984 723 1040 Christianus
738 983 823 1048 Aler;
841 999 895 1055 quo
911 1000 965 1039 uon

61 1074 147 1130 multo
169 1072 344 1145 posteriores
367 1069 547 1140 Spartianus,
570 1067 759 1139 Lampridius,
782 1067 965 1139 Capitolinus,

61 1156 202 1228 Vopiscus
222 1154 366 1226 Augustae
383 1153 518 1208 historiae
538 1151 707 1223 scriptores,
727 1150 753 1206 si
774 1167 828 1206 non
849 1166 964 1222 prorsus

61 1238 255 1296 contemnendi
277 1243 356 1306 suut,
377 1236 528 1307 Tranquilli
549 1234 694 1290 imitationi
711 1234 820 1290 debent.
867 1232 964 1298 Quarti

34 1358 36 1363 -
59 1322 167 1379 saeculi
183 1322 338 1393 scriptores
356 1319 524 1391 Eutropius,
540 1318 568 1374 S.
585 1317 717 1372 Aurelius
733 1318 847 1387 Victor,
864 1316 964 1372 llierc-

59 1422 158 1477 nymus
195 1411 222 1459 et
253 1403 353 1459 Paulus
387 1402 504 1458 Orosius
539 1406 640 1456 tautam
675 1401 782 1472 copiam
816 1401 965 1456 verborum

59 1487 294 1544 Suetoniauorum
319 1487 547 1558 descripserunt,
568 1491 598 1538 ut
618 1485 665 1539 vel
687 1485 721 1539 ad
746 1483 965 1540 emendationem

59 1573 171 1628 illorum
200 1571 349 1626 adhibendi
376 1570 446 1633 sinl·,
473 1568 601 1624 Decimus
626 1566 767 1623 Ausonius
793 1567 964 1623 hexametris

59 1662 103 1710 ter
130 1654 277 1710 duodecim
306 1652 454 1710 Caesarum
478 1651 604 1720 nomina,
632 1666 739 1721 anuos,
762 1656 866 1706 mortes
889 1666 964 1706 com-

59 1739 160 1810 plexus
183 1744 236 1793 est.

121 1819 223 1876 Omitto
237 1819 358 1891 Vergilii
375 1819 474 1875 Lucani
491 1818 630 1875 luvenalis
647 1823 894 1887 commentatores,
914 1818 964 1874 sed

58 1906 113 1959 boo
131 1904 363 1976 praetereundum
382 1918 437 1957 non
452 1908 511 1971 est,
527 1908 608 1957 sexto
623 1901 736 1957 saeculo
751 1901 880 1958 loannem
895 1903 964 1957 Lau-

58 1986 178 2042 rentium
209 1987 312 2054 Lydum
341 1993 368 2039 et
401 1986 531 2040 loannem
560 1983 762 2040 Antiochenam
797 1985 963 2040 laudabilem

57 2085 174 2140 operam
207 2067 334 2123 Suetonii
354 2067 421 2122 vitis
450 2067 608 2136 ceterisque
638 2066 750 2136 scriptis
783 2067 964 2137 impendisse,

58 2151 183 2207 Graecos
202 2149 343 2213 bomines;
364 2165 418 2219 quo
436 2155 561 2219 tempore
584 2148 611 2202 iu
630 2147 782 2202 Occidente
803 2154 877 2204 tauta
893 2148 965 2204 Lali-

58 2250 155 2290 narum
172 2234 325 2288 litterarum
342 2232 448 2287 incuria
464 2231 637 2301 incesserat,
655 2236 685 2284 ut
700 2245 759 2284 cum
772 2231 878 2300 ingenti
894 2231 965 2287 alio-

56 2335 117 2374 rum
149 2318 283 2372 librorum
314 2317 450 2372 bonorum
479 2314 653 2370 multitudiue
683 2313 764 2369 etiarn
794 2314 963 2370 Suctcuiaua

56 2417 144 2473 opera
171 2401 305 2472 pleraque
327 2398 451 2471 perirent
475 2404 503 2453 et
522 2398 568 2453 vel
589 2398 624 2452 de
648 2397 704 2453 rita
728 2396 876 2453 (laesarum
898 2398 964 2453 libri

57 2490 134 2553 octo,
151 2484 297 2554 dequibus
314 2483 431 2553 agimus,
447 2497 501 2538 nou
518 2481 629 2536 multum
641 2482 755 2536 abesset
765 2480 830 2552 quia
848 2481 964 2538 interci-

57 2568 165 2623 dorent.

118 2650 220 2706 Unum
238 2649 421 2720 exemplar
435 2653 528 2704 tantae
543 2648 640 2704 ruinae
656 2647 804 2720 superfuit,
822 2647 906 2718 idque
921 2647 962 2704 vi·
972 2655 1112 2696 uicenam

57 2733 104 2790 liis
127 2733 280 2789 minoribus
296 2732 521 2803 maioribusque,
537 2731 584 2786 hic
602 2731 662 2787 illic
676 2731 784 2788 lacunis
803 2747 914 2803 quoque
935 2704 1123 2808 ct⁰¹⁰2¹ssffgf¹⁸⁴

57 2814 322 2889 interpolationibus
339 2809 523 2888 foedatunl),
545 2815 609 2885 quin
626 2815 708 2871 etiam
725 2815 837 2886 integro
853 2820 964 2887 quater-

38 3019 41 3028 Ι
126 2961 154 3025 b)
172 2962 297 3025 Exempla
320 2962 388 3013 iulre
403 2969 548 3027 ponuntur.
585 2962 622 3013 Ne
642 2964 708 3013 tituli
735 2962 836 3026 quidem
855 2962 964 3011 vitarum

56 3031 196 3095 incorrupti
216 3041 363 3081 manserunt
385 3029 463 3095 (certe
478 3032 505 3086 O.
526 3031 682 3096 Caligula
706 3045 757 3081 nou
776 3045 831 3080 esse
849 3044 865 3078 a
886 3043 964 3078 mauu

56 3099 187 3164 scriptoris
208 3098 319 3161 constat)
340 3114 493 3163 quamquam
510 3099 589 3149 multo
611 3099 700 3164 peiora
718 3099 749 3149 ab
764 3098 902 3148 editoribus
916 3097 962 3146 ad·

56 3167 135 3216 missa
150 3174 224 3227 suut,
250 3173 278 3216 ut
298 3166 436 3229 Ocesar,
453 3167 662 3219 Octavianus
684 3175 729 3218 etc
767 3165 883 3216 Ceterum
900 3164 963 3214 scri-

56 3243 126 3301 ptum
150 3233 231 3284 luisse
249 3235 350 3286 ridetur
366 3236 393 3286 id
418 3236 549 3301 exemplar
569 3235 635 3285 binis
657 3233 804 3295 laterculis,
830 3232 963 3284 versiculis

55 3303 193 3353 litterarum
212 3302 296 3354 lell
311 3304 352 3354 vel
367 3303 437 3367 XlX,
457 3304 525 3369 quod
542 3303 647 3353 coniicio
664 3319 678 3353 e
696 3303 752 3352 loco
770 3317 796 3368 p.
810 3300 868 3361 197,
887 3301 962 3353 bubr

55 3385 144 3420 omnes
163 3371 221 3421 libri
238 3370 342 3423 habeut:

291 3443 398 3492 mwbne
411 3457 461 3493 non
477 3444 601 3494 mediocre
618 3441 725 3492 studitae

292 3512 402 3560 movim
418 3519 465 3562 etc.

96 3593 237 3629 curremus
798 3580 817 3631 b
