2256 3930
155 237 240 285 axvi
499 234 705 280 ramosum.
1088 198 1094 313 i

159 401 236 450 terae
258 409 310 466 pro
326 394 429 466 duplici
445 387 598 467 posilaew)
614 408 702 464 pauca
721 391 859 458 inveniet;
882 399 982 449 contra
1004 410 1061 450 sae

158 477 273 549 pissime
287 479 410 546 Antonii,
427 477 551 532 Sallustii
565 483 619 531 etc.
638 481 667 530 et
686 475 732 530 vei
749 476 865 531 uticae
880 482 910 532 et
925 477 1061 532 scaiman

157 567 291 632 scriptum
319 567 347 616 et
372 561 407 616 de
429 560 548 629 singuiis
569 557 715 616 vocabulis
735 553 985 634 adoasmles⁸¹)‚
1008 563 1060 632 epi·

155 645 239 714 statu,
269 657 359 716 pene,
389 649 509 709 tentare,
540 643 711 719 concionari,
742 648 876 714 quatuor,
905 643 1060 714 micavit

156 727 314 790 Brundusi.
344 743 516 799 quanquam,
544 742 682 796 unquam,
711 742 853 797 nunquam
877 726 921 782 sio
939 732 972 783 nt
986 728 1094 813 rides¹ae

156 810 260 881 scripta
289 810 419 865 offendet.
462 808 558 865 Omnia
589 810 660 865 haec
690 816 821 882 reputans
845 809 938 866 codici
972 810 1059 866 lieno·

156 893 255 949 chiano
274 892 406 950 maiorem
422 909 501 963 quum
517 893 623 948 saeculi
643 891 707 947 Xlil
725 899 842 950 aetatem
864 891 995 950 tribuere
1012 910 1059 950 noo

155 976 279 1032 audebit.
688 1025 692 1031 .

215 1059 320 1114 Eodem
333 1060 420 1115 altera
438 1058 609 1130 quaestionis
623 1075 698 1129 pars,
716 1075 797 1130 quarn
815 1061 1059 1133 tachygraphicam

118 1178 120 1182 -
156 1142 225 1211 dixi,
242 1149 372 1213 spectare
391 1143 511 1198 videtur.
555 1141 751 1198 Henochianue
766 1144 849 1213 liber,
868 1143 894 1198 si
910 1150 1058 1219 rectesta-

155 1225 255 1281 luimus
270 1226 432 1281 Leidensem
448 1232 476 1279 et
492 1225 644 1280 Gudianum
664 1226 790 1281 codicem
811 1227 866 1282 duo
892 1226 975 1298 quasi
996 1245 1058 1301 apo-

152 1309 259 1379 grapha
276 1309 336 1363 eius
353 1326 426 1376 esse,
441 1308 603 1385 necessario
622 1307 695 1363 omni
709 1325 816 1378 genere
831 1311 1056 1383 compendiorum

153 1397 182 1445 et
197 1391 331 1460 siglorom
347 1393 468 1447 refertus
481 1390 549 1461 fuit,
567 1407 683 1462 quorum
699 1391 785 1449 lectio
802 1410 943 1467 persaepe
959 1395 1057 1451 diffiei-

152 1473 188 1528 lis
211 1481 293 1544 atque
314 1476 442 1546 ambigua
464 1481 546 1530 esset.
592 1475 697 1530 Passim
719 1477 882 1548 compendia
910 1494 1067 1548 agnoscas,v

153 1557 253 1627 quibus
274 1560 410 1615 vocabula
432 1564 459 1613 el
476 1564 504 1613 et
522 1561 621 1625 etam,
641 1557 694 1613 lroc
715 1565 743 1614 et
766 1560 851 1630 laec,
875 1561 946 1616 nihil
967 1568 996 1617 el
1013 1563 1057 1631 nil,

152 1640 361 1696 terminationes
381 1643 410 1697 iu
431 1642 564 1714 perfectis
579 1647 661 1697 erant
681 1648 710 1697 et
730 1657 778 1698 ere
799 1650 827 1698 et
848 1643 953 1702 similia
975 1662 1057 1716 aegre

153 1722 399 1793 distinguerentur.
424 1726 455 1780 ln
471 1725 590 1796 singulis
605 1725 751 1781 vocabulis
766 1725 821 1782 tria
839 1729 970 1801 exempla
984 1744 1057 1801 pono

152 1806 264 1862 inventa
285 1808 387 1878 pagina
410 1813 460 1867 271
484 1809 635 1866 dimidiata.
679 1810 770 1865 Versu
795 1810 867 1865 euim
891 1817 926 1871 18
948 1828 1002 1884 pro
1026 1828 1056 1868 ec

153 1889 227 1960 quod
242 1897 285 1945 est
299 1896 403 1946 lantum
415 1908 469 1947 non
483 1893 554 1948 alter
568 1893 659 1949 scriba
677 1899 767 1948 tamen
780 1910 849 1959 non,
867 1894 941 1950 alter
956 1901 1056 1950 laamas

151 1973 229 2027 modo
243 1975 333 2039 dedit;
350 1993 433 2032 versu
449 1982 482 2036 27
498 1977 635 2052 quoddam
651 1976 843 2047 compendium
856 1976 906 2032 iile
916 1993 1056 2049 persona-

150 2057 210 2123 lem,
229 2052 282 2112 hro
290 2061 483 2128 proconsulem
499 2059 666 2131 explicavit3
682 2076 767 2116 versu
781 2067 814 2120 31
832 2061 882 2116 ille
899 2062 930 2116 in
943 2063 1054 2134 ispeun,

96 2170 100 2175 ·
152 2141 196 2197 hic
211 2143 240 2195 in
252 2149 398 2212 conspeetu
417 2142 558 2199 invenisse
575 2143 630 2199 sibi
646 2132 723 2200 visus
745 2150 796 2199 est.
840 2145 879 2200 At
892 2162 964 2202 vero
984 2146 1054 2203 haud
1079 2142 1089 2249 ι’

149 2226 211 2281 scio
234 2242 268 2281 an
285 2225 428 2297 quisquam
444 2227 486 2281 rei
503 2227 608 2297 peritus
624 2238 712 2297 genus
729 2228 887 2300 scripturae
908 2236 966 2285 tarn
981 2245 1052 2287 com-
1081 2252 1085 2273 ·

93 2317 108 2358 ,·
148 2309 322 2380 pendiarium
333 2309 474 2381 antiquius
492 2311 605 2366 saeculo
619 2310 683 2366 Xlll
699 2310 843 2367 habiturus
859 2311 906 2367 sil.

213 2390 388 2457 Quarundam
401 2393 591 2448 diversitatum
606 2412 656 2466 per
672 2394 785 2450 codices
800 2395 976 2452 inventarum
991 2413 1053 2454 cao·
1092 2430 1094 2453 r

149 2490 195 2529 sas
218 2475 246 2528 in
267 2475 329 2545 ipso
345 2476 524 2531 Henoohiano
546 2477 618 2532 libro
641 2479 813 2548 quaerendas
835 2495 898 2534 esse
921 2487 1006 2552 puto;
1027 2481 1052 2536 it
1091 2478 1094 2520 ⁴

150 2557 221 2611 enim
245 2573 444 2630 nonnumquam
460 2566 512 2615 tam
533 2560 561 2614 in
575 2561 704 2617 Leidensi
725 2577 805 2631 quam
821 2560 948 2620 Gudiano
969 2565 1050 2635 libro,
1087 2554 1094 2607 i

149 2646 178 2694 nt
192 2641 262 2696 duae
281 2642 417 2697 lectiones
436 2643 523 2698 altera
540 2660 623 2714 supra
640 2645 755 2699 alteram
771 2645 894 2716 scriptae
910 2647 977 2702 sint.
1007 2647 1049 2703 Sic
1086 2656 1094 2690 ²

148 2741 175 2795 p.
196 2730 264 2793 261,
287 2730 319 2781 21
335 2725 362 2779 in
381 2733 498 2796 utroque
517 2743 671 2782 ruarmoreo
687 2727 793 2797 legitur
808 2744 891 2801 supra
908 2731 1048 2802 posterius
1085 2739 1094 2776 l

148 2807 273 2863 alittera
293 2824 311 2861 a
334 2809 441 2873 addita;
465 2827 491 2880 p.
509 2815 577 2878 264,
601 2817 635 2869 33
658 2811 706 2864 iiie
724 2811 861 2866 Calatinns
873 2829 893 2867 u
908 2813 1046 2886 imposito,
1082 2808 1094 2861 Ι

148 2888 195 2943 hic
212 2890 352 2946 Catulinae
373 2893 504 2964 imposito
524 2896 536 2946 i
560 2893 694 2957 ostendit;
715 2911 741 2965 p.
759 2900 827 2964 269,
853 2902 887 2954 33
915 2896 966 2952 ilie
992 2910 1045 2952 res·
1081 2910 1094 2946 t

147 2975 246 3044 cogniti
264 2983 328 3030 sant
347 2976 440 3031 deleto
458 2982 547 3038 tamen
563 2976 657 3046 priore
673 2992 700 3042 s,
721 2976 767 3032 hic
787 2980 921 3050 recogniti
937 2987 1004 3036 sunt
1023 2985 1044 3034 et
1080 2992 1094 3027 o

1079 3076 1094 3130 i

148 3137 237 3221 cedant
263 3146 346 3188 tamen
373 3138 467 3188 Graeca
492 3142 623 3199 acroasin,
653 3140 837 3202 paraphrasis,
869 3140 962 3202 thesis,
992 3157 1043 3207 syn
1078 3143 1094 3196 1

146 3205 261 3337 immiti)
271 3276 327 3360 ¹cir.
346 3291 423 3341 supra
434 3292 458 3340 p.
474 3276 552 3325 LXV.
586 3276 659 3324 Adde
670 3272 761 3337 Senti,
781 3275 883 3338 Spoleti,
898 3277 1041 3336 Mediolani,
1059 3319 1065 3341 ·.

145 3345 354 3475 angitiliemel
364 3414 559 3464 adulescentibus
569 3422 592 3463 et
600 3416 753 3477 neplepentia
763 3412 898 3462 invenitur.
919 3415 994 3465 Adde
1003 3429 1040 3464 aa
1078 3374 1094 3489 ἶ]

145 3483 226 3544 siquos
245 3497 269 3544 p.
284 3482 347 3542 263,
365 3483 407 3531 29.
1078 3504 1094 3542 t«
