2286 3944
145 207 208 270 ³00
422 214 454 262 C.
476 211 640 260 SOE'POSH
660 209 881 270 umquam

146 393 214 434 rens
235 373 410 449 impietaten
433 368 489 427 sibi
503 366 580 444 apud
596 365 768 443 parricidam
782 367 951 444 principem
973 366 1132 444 profuturas

147 459 304 534 lmpetrsto
323 464 419 512 autem
439 454 541 511 nortis
561 450 682 508 arbitrio
702 448 798 508 libero
821 449 983 510 codicillos
1000 451 1036 510 ad
1052 460 1132 528 patrer

147 539 329 616 corrigendis
354 536 526 616 quibusdam
547 534 682 592 versibus
703 535 763 592 suis
784 537 933 611 exaravit,
966 534 1129 612 epulatusqu

147 626 271 701 largiter
294 623 413 680 brachia
433 621 470 679 ad
492 617 634 678 secandas
656 635 748 676 senas
767 617 904 694 praebuit
926 619 1056 678 medico.
1086 618 1132 677 Poe

147 718 222 768 nats
244 709 307 765 eius
330 709 415 764 etiam
440 702 572 781 praelegi
592 704 723 774 memini,
753 701 860 760 confici
881 719 957 761 vero
975 721 1012 762 ac
1035 719 1132 781 propos

148 792 263 851 venalia
279 808 337 848 non
350 799 457 848 tantum
472 803 601 864 operose
617 796 647 844 et
663 785 820 862 diligenter
832 786 886 845 sed
909 788 1014 864 inepte
1031 803 1132 865 quoque

149 875 241 936 Hunc
255 876 349 933 riom
365 873 452 932 initio
464 870 610 945 mnata,
627 886 708 949 quus
720 876 751 928 irs
764 869 924 930 nonmslls's
935 867 1061 931 Lucam
1070 869 1132 930 libri

148 966 276 1037 repertu
287 965 317 1017 et
327 956 370 1016 ob
382 953 554 1017 Omnibusne
566 972 597 1013 o.
612 963 690 1014 1475
703 953 787 1013 editu
801 960 858 1028 est,
869 953 998 1031 primus
1007 952 1132 1033 loseplu

148 1043 292 1120 Sculs'qcr
306 1040 448 1101 Suetonii
460 1056 530 1098 csse
543 1037 704 1098 iudicarit.

217 1138 385 1190 luvenalis
399 1140 477 1187 rium
490 1137 653 1187 omittendum
665 1137 793 1194 duximus,
807 1152 865 1185 cum
878 1152 910 1186 ne
922 1139 1041 1204 potuisse
1055 1138 1132 1202 quiden

149 1208 312 1272 Tranquillus
325 1222 372 1272 per
385 1216 494 1255 nentem
504 1206 621 1255 rideatur
631 1206 664 1255 de
676 1220 707 1254 eo
718 1214 793 1270 poeta
804 1220 891 1271 agere.

147 1277 254 1392 1112ch
279 1275 420 1324 illustribus
437 1274 623 1323 Historicis
646 1273 814 1337 Hieronymus
837 1290 852 1323 c
878 1273 1004 1325 Suetonio
1029 1289 1131 1340 excerps

234 1360 292 1392 ere:

212 1424 366 1483 Cornelius
378 1422 480 1502 Nepos
494 1428 623 1503 scriptor
634 1425 789 1485 historicus
804 1425 900 1485 clarus
912 1425 1039 1486 hebetur
1047 1445 1078 1487 a.
1090 1436 1133 1486 715

211 1508 365 1566 Sallustius
383 1505 505 1586 Crispus
520 1512 649 1588 scriptor
662 1510 817 1568 historicus
832 1511 861 1568 iu
877 1510 996 1569 Sabinis
1015 1511 1133 1570 Amiterr

146 1594 274 1650 nascitur
299 1609 329 1650 u.
354 1600 423 1653 668.
446 1599 584 1653 669...
606 1593 761 1653 Sallustius
783 1593 859 1653 diem
876 1593 950 1654 obiit
967 1595 1131 1672 quadrienni

147 1685 213 1733 ante
229 1675 381 1734 Actiacum
397 1675 507 1734 bellum
519 1695 550 1737 a.
569 1684 633 1736 719.

211 1758 337 1818 blessala
361 1758 505 1819 Cominus
528 1762 767 1820 oratornascitur
790 1770 820 1820 et
841 1760 874 1820 Τ.
890 1761 991 1821 Livius
1005 1763 1133 1823 Putavinu

147 1846 275 1921 scriptor
296 1843 452 1903 historicus
471 1861 502 1903 a.
527 1851 685 1906 695-697
700 1887 708 1902 .
726 1889 760 1903 ..
790 1843 824 1904 Τ.
846 1844 944 1904 Livius
965 1845 1134 1924 historiogra

147 1928 222 2005 pbue
237 1928 345 1988 Patavii
360 1930 479 1987 moritur
495 1945 525 1987 a.
538 1937 605 1988 770.

211 2011 381 2072 Fenestella
406 2013 588 2073 historiarum
612 2013 739 2089 scriptor
759 2021 789 2071 et
812 2013 969 2074 carminum
999 2023 1134 2093 septunge

148 2098 221 2154 simo
238 2114 312 2155 anno
327 2099 446 2156 moritur
461 2096 663 2175 sepeliturque
678 2093 775 2155 Gumis
794 2115 825 2157 a.
850 2103 919 2156 772.

212 2198 248 2269 Q.
266 2199 411 2257 Asconius
432 2197 574 2258 Pedianus
595 2198 722 2275 scriptor
732 2197 888 2258 historicus
906 2196 1005 2257 clarus
1021 2198 1134 2258 habetur

148 2283 197 2358 qui
219 2283 436 2359 septuagesimo
458 2284 543 2342 tertio
565 2282 668 2340 aetatis
690 2299 761 2341 sune
782 2298 856 2342 anuo
876 2289 981 2360 ceptus
1003 2282 1134 2341 luminibu

148 2364 300 2423 duodecim
316 2375 420 2442 postea
436 2368 506 2425 vixit
519 2382 609 2425 annos
624 2368 653 2424 in
667 2382 777 2425 summo
802 2366 913 2426 bonore
938 2368 1064 2425 omnium
1088 2384 1135 2426 con

148 2465 308 2506 senescens
324 2466 354 2507 o.
373 2457 441 2509 828.
458 2457 524 2509 829.

211 2546 318 2605 Plinius
334 2548 485 2607 Secundus
506 2548 740 2609 Novocomensis
762 2559 862 2610 orator
887 2558 916 2608 et
934 2547 1093 2610 historicus
1113 2550 1135 2606 in

147 2632 237 2707 signis
252 2630 384 2706 habetur,
403 2633 484 2690 cuius
498 2633 619 2710 plurima
635 2635 741 2710 ingenii
753 2652 842 2711 opera
858 2641 965 2692 extant.
992 2633 1135 2693 Periitdur

145 2717 213 2773 visit
227 2714 384 2773 Vesuvium
407 2733 437 2775 n.
460 2723 637 2777 866-862
660 2761 667 2774 .
696 2763 703 2777 .
729 2762 736 2774 .
758 2717 823 2777 Vita
846 2717 928 2777 Plinii
952 2735 991 2776 ex
1018 2717 1135 2794 catalog*

146 2800 280 2859 Virorum
296 2799 447 2858 illustrium
459 2798 627 2877 Tranquilli.
660 2801 767 2860 Plinius
780 2800 931 2860 Secundus
947 2799 1135 2860 Novocomen

146 2885 186 2942 sis
211 2883 395 2961 equestribus
415 2885 522 2944 militiis
545 2886 683 2945 industrie
699 2885 814 2945 functus
836 2886 1062 2963 procurationes
1084 2902 1135 2962 quo

147 2985 203 3044 que
232 2968 479 3044 splendidissimas
508 2978 536 3028 ct
563 2971 713 3028 continuas
739 2986 847 3028 summa
873 2969 1042 3045 integritate
1067 2969 1135 3028 admi

145 3051 294 3126 nistravit‚
318 3063 347 3111 et
372 3063 466 3113 tamen
490 3053 659 3113 liberalibus
681 3053 783 3114 studiis
801 3062 905 3113 tantam
925 3069 1046 3130 operam
1063 3053 1136 3112 dedit

148 3144 178 3193 ut
207 3152 263 3193 non
284 3145 395 3197 temere
420 3139 484 3215 quis
510 3137 593 3215 plura
617 3139 644 3196 in
665 3139 725 3196 otio
753 3137 914 3215 scripserit.
950 3136 1053 3214 ltaque
1076 3135 1136 3196 bell

147 3221 256 3293 omnia,
274 3238 348 3296 quae
373 3240 495 3300 unquam
520 3240 583 3280 cum
609 3220 757 3281 Germanis
778 3230 861 3298 gesta
878 3229 959 3296 suut,
986 3218 1052 3281 XX.
1070 3219 1134 3280 volu

144 3302 266 3361 minibus
291 3305 524 3382 comprehendit,
545 3308 672 3383 itemque
689 3305 825 3365 naturalis
840 3304 979 3364 historiae
1003 3303 1136 3365 XXXVII

144 3381 234 3443 libros
262 3385 398 3445 absolsit.
443 3389 532 3448 Periit
553 3389 635 3436 clade
659 3385 847 3466 Campaniae;
884 3406 948 3447 oum
972 3389 1048 3448 euim
1065 3387 1136 3448 Misc

142 3467 224 3523 censi
268 3467 325 3513 'cce
404 3481 519 3516 *wera*
598 3479 727 3524 morsm
748 3471 877 3532 Vesubio
893 3471 930 3553 ad
952 3473 1133 3551 exploranda
