2256 3930
93 247 181 295 XVIII
434 245 638 295 PRAEFATIO.

96 405 179 463 nicae
195 407 228 461 ab
245 405 326 461 initio
341 405 500 460 mutilatum.
545 406 577 461 ld
592 407 743 478 exemplar,
760 413 956 462 conservatum
972 414 1003 464 ut

96 505 150 560 ego
175 488 304 545 existimo
325 489 357 543 in
378 489 529 544 bruneto
553 489 752 561 imperante
779 488 908 546 Garolo
931 491 1002 548 bla-

95 587 181 643 gno,
201 587 254 643 quo
280 571 406 644 principe
435 579 558 627 veterum
579 573 732 627 litterarum
758 588 858 628 novum
877 575 1000 630 studium

96 656 218 724 exarsit,
241 654 431 726 multiplicatis
448 655 583 727 exemplis
599 655 722 710 describi
738 662 879 727 coeptum,
902 672 1002 714 eornm

96 755 166 809 quae
196 739 228 794 ad
259 754 309 794 nos
331 745 517 810 pervenerunt
546 738 664 794 omnium
690 739 840 794 communis
860 739 943 810 origo
972 748 1001 796 et

96 821 174 892 quasi
197 838 297 893 parens
318 822 418 877 lactum
433 828 484 877 est.
529 822 625 893 ltaque
649 823 763 878 saeculo
780 817 885 896 aono‘)
908 824 1000 895 prima

94 911 159 976 post
174 901 366 975 migrationem
382 905 504 975 gentium
523 904 699 976 reperiuntur
714 905 835 976 vestigia
850 907 946 977 operis
963 908 1000 963 de

94 989 150 1043 vita
167 987 316 1044 Caesarum
330 988 397 1043 lecti
414 988 485 1042 etin
501 1004 579 1043 usum
594 988 733 1043 conversi.
765 988 799 1042 Et
816 989 932 1045 circiter
949 1007 999 1046 an-

94 1088 156 1126 num
175 1071 283 1142 quidem
297 1078 349 1130 830
363 1070 563 1126 Einbardus
579 1070 607 1126 in
622 1087 736 1126 recessu
755 1071 999 1142 Seligcnstadensi

93 1153 121 1210 iu
137 1155 208 1210 saltu
225 1153 377 1210 Odanwald
396 1153 479 1208 vitam
495 1152 588 1209 Caroli
603 1154 694 1224 blagni
717 1155 901 1227 conscripsit,
925 1157 999 1212 Sne-

93 1238 163 1294 tonii
185 1236 352 1293 Caesaribus
382 1243 409 1291 et
439 1237 591 1308 praecipue
620 1237 682 1292 Diri
707 1237 826 1308 Augusti
856 1240 912 1294 rita
944 1247 998 1296 tam

94 1327 207 1377 strenue
222 1337 306 1389 usus,
330 1326 360 1374 ut
380 1335 434 1374 non
449 1321 530 1376 modo
547 1336 653 1376 omnem
669 1319 758 1376 libelli
779 1321 999 1394 descriptionem

93 1405 144 1460 aed
161 1404 243 1458 etiam
259 1403 383 1474 integras
399 1405 472 1458 haud
488 1419 553 1460 raro
571 1404 723 1460 sententias
740 1403 805 1460 inde
820 1406 998 1477 repetiverit,

94 1493 121 1542 et
143 1502 360 1557 nonnumquam,
381 1493 411 1541 ut
430 1487 483 1542 iam
498 1486 677 1542 casaubonus
700 1487 848 1558 iudicavit,
872 1490 997 1546 imitandi

93 1571 185 1626 studio
213 1586 280 1625 suae
309 1570 446 1625 historiae
473 1571 618 1626 veritatem
645 1577 838 1640 transgressus
867 1589 930 1627 esse
953 1573 998 1628 vi-

94 1654 200 1710 deatur.
251 1652 353 1709 Eodem
381 1653 494 1709 saeculo
519 1653 594 1708 Vllll
624 1654 716 1710 medio
747 1653 879 1711 Servatus
907 1656 998 1728 Lupus

94 1737 175 1808 epist.
197 1743 229 1796 91
256 1754 283 1808 p.
307 1741 357 1796 137
384 1737 427 1791 ed.
450 1738 542 1791 Balua.
569 1737 728 1792 Suetonium
748 1737 935 1809 Tranquillum
962 1740 998 1794 de

92 1819 148 1875 vita
166 1818 330 1888 Caesarum,
352 1820 397 1891 qui
418 1821 491 1890 apud
505 1820 656 1875 Fuldenses
677 1820 704 1874 in
721 1821 790 1876 duos
808 1837 860 1876 nee
880 1839 998 1892 magnos

93 1903 206 1958 codices
225 1903 331 1958 divisus
349 1908 483 1972 exstaret,
499 1903 552 1958 sibi
569 1902 637 1957 mitti
654 1902 745 1973 lussit,
761 1904 889 1975 quoniam
901 1905 929 1959 in
947 1922 996 1962 sua

92 1985 234 2042 vicinitate
256 1983 325 2060 (luit
350 1992 439 2041 autem
462 1987 548 2042 abbas
570 1987 715 2042 Ferrariae
738 1986 765 2041 in
784 1987 910 2044 dioecesi
932 1988 998 2044 Gal-

92 2068 147 2124 liae
164 2067 335 2143 Senonensi)
352 2071 454 2140 nullum
469 2069 641 2125 inveniretur
657 2070 820 2141 exemplum.
852 2071 998 2128 Postremo

93 2159 221 2224 superest
236 2153 320 2208 bodie
336 2169 445 2224 quoque
463 2152 638 2209 Memmianus
653 2154 744 2208 codex
759 2154 876 2209 omnium
892 2155 938 2224 qui
953 2155 997 2209 in-

92 2236 167 2291 venti
183 2242 246 2292 sunt
267 2243 294 2291 et
309 2236 515 2307 antiquissimus
532 2243 560 2290 et
574 2237 709 2306 optimus,
732 2237 778 2305 qui
795 2253 865 2292 nunc
881 2237 997 2293 Parisiis

93 2326 255 2375 asservatur
278 2336 392 2374 numero
415 2326 483 2378 6115
506 2318 669 2387 distinctus,
701 2319 751 2373 sed
773 2319 837 2375 olim
858 2320 885 2374 in
907 2321 998 2376 Turo-

92 2403 173 2458 nensi
190 2405 215 2458 S.
230 2401 338 2456 Martini
358 2402 496 2456 coenobio
511 2400 622 2455 Alcuini
639 2400 765 2456 doctrina
781 2402 927 2457 nobilitato
946 2422 997 2460 ex-

92 2485 199 2553 stabat,
217 2485 331 2551 saeculo
347 2484 422 2538 Vllll
438 2489 555 2538 exeunte
572 2483 701 2555 scriptus.

151 2567 356 2637 insequentium
377 2567 543 2636 scriptorum
564 2566 641 2636 digai
667 2574 730 2621 sunt
749 2567 794 2637 qui
816 2576 931 2639 propter
953 2571 996 2626 la-

92 2651 278 2706 miliaritelem
305 2649 431 2704 Suetonii
457 2649 631 2704 nominentur
658 2650 776 2706 Ioannes
797 2653 997 2726 saresberien-

92 2735 131 2790 sis
161 2735 189 2789 in
219 2732 385 2790 Policratieo
408 2732 436 2786 S.
461 2732 526 2800 Xll,
553 2732 715 2790 Vincentius
736 2736 944 2791 bellovacensis
967 2738 996 2792 in

89 2846 291 2855 ——-——

90 2906 114 2945 et
130 2912 155 2960 p.
180 2896 235 2955 too,
254 2897 288 2944 24
307 2897 349 2945 ubi
369 2897 393 2944 in
412 2895 562 2946 blemmiano
576 2897 638 2945 libro
654 2898 690 2947 sie
708 2898 839 2947 scribitur:

327 2981 445 3015 uncorum
459 2973 601 3016 aenatorum
620 2969 674 3016 ino-

327 3036 407 3097 Ppa'a
423 3043 469 3081 ete.

89 3103 142 3150 lllic
160 3102 285 3167 integrum
304 3103 467 3164 vocabulum,
485 3101 526 3150 hic
544 3117 619 3149 unam
640 3102 748 3150 litteram
763 3102 845 3166 primo
863 3101 916 3150 loco
936 3117 991 3151 ιιι·

88 3171 160 3220 siculi
178 3178 270 3220 motam
289 3172 402 3220 arbitror.

157 3237 185 3301 6)
201 3239 309 3288 Maxime
328 3239 437 3289 notabile
456 3247 494 3287 est
510 3239 616 3287 Paulum
630 3239 767 3287 llineonum
786 3238 896 3287 Suetonii
917 3239 991 3301 plane

88 3309 204 3372 ignauum
220 3309 313 3365 videri3
333 3308 408 3371 (Hist.
429 3308 500 3356 mise.
519 3308 551 3365 6,
573 3306 613 3356 16.
636 3308 665 3365 7,
690 3306 731 3358 20.
758 3309 786 3363 ll,
810 3309 825 3354 2
850 3322 881 3355 ex
904 3306 991 3353 Oresio

88 3375 225 3438 descripta)
244 3392 325 3438 neque
346 3378 409 3423 enim
430 3376 515 3424 tlubito
536 3376 593 3436 quin
610 3376 631 3422 si
651 3375 718 3423 hunc
737 3376 864 3434 novisset,
891 3375 915 3422 itt
932 3389 991 3421 con<

87 3445 237 3493 sareinarrda
260 3460 306 3493 sua
324 3460 388 3492 cuno
411 3445 507 3492 circiter
528 3443 578 3492 780
596 3443 704 3492 Historia
724 3444 835 3492 blisrelln
851 3443 990 3490 uberrimos

86 3511 145 3560 hinc
163 3511 259 3561 fructus
282 3513 455 3575 decerpslsset.
