2286 3944
465 229 671 278 PRAEFATIO.
890 232 1014 280 XXXVII

107 388 244 457 debatur,
262 393 375 443 secutus
392 403 451 441 sum
469 402 494 440 e.
510 402 552 456 gr.
569 385 598 440 in
620 386 776 444 scribendis
793 387 907 446 Graecis
926 407 1010 446 voca-

106 471 182 528 bulis
199 469 300 526 litteris
316 471 362 526 vel
380 469 494 525 Graecis
512 470 557 524 rel
573 465 726 542 Latinis²⁰).

169 555 264 609 Restat
290 559 321 607 nt
345 552 531 609 adnotationis
559 551 674 607 criticae
702 554 836 610 rationem
864 571 1010 627 exponam.
1033 566 1139 630 ananau

107 636 243 695 Brevitati
260 642 290 690 ut
305 636 495 704 consulerem,
514 651 606 691 earum
622 641 723 690 tantum
744 637 893 693 lectionum
915 646 1010 696 aucto·
1051 617 1133 660 “¹¹¹²'’

108 720 208 776 ritates
224 719 359 790 apposui,
384 735 453 789 qnae
474 718 520 774 vel
538 735 573 772 ex
594 718 674 774 libris
695 721 831 775 correctis
847 721 894 776 vel
910 737 945 776 ex
960 723 1010 778 do-

109 809 217 858 ctorum
234 801 372 857 hominum
388 801 548 858 coniectura
568 807 700 873 receptae
716 808 786 857 sunt.
833 802 911 858 Sciat
925 804 1011 874 igitur

108 887 202 942 lector
216 887 311 940 harum
325 901 415 940 rernm
432 884 589 953 studiosus,
613 885 660 939 nbi
675 885 744 940 nihil
760 886 918 941 adnotatum
933 886 1012 942 inve-

109 967 200 1038 nerit,
219 967 405 1024 llemmianum
432 967 539 1023 aliosve
554 973 666 1024 veteres
688 985 721 1023 ac
739 969 828 1024 bonos
851 969 940 1024 libros
962 986 1013 1025 no-

109 1051 217 1108 biscum
235 1051 406 1116 consentirc;
427 1051 473 1106 ubi
496 1051 516 1105 ii
532 1050 627 1106 vitiosi
653 1068 716 1106 esse
732 1067 765 1107 ae
783 1051 944 1107 necessario
963 1054 1012 1108 de-

109 1134 223 1191 serendi
230 1133 570 1204 ridebantur‚n0minatim
583 1133 729 1190 afferrirel
743 1134 869 1190 codicum
879 1151 954 1191 saec.
963 1135 1013 1191 XV

108 1218 156 1274 vel
177 1217 347 1287 grammatici
370 1216 487 1273 alicuius
511 1217 677 1288 posterioris
700 1217 928 1273 emendationem.
972 1219 1012 1276 lta

108 1302 223 1357 brevem
236 1302 372 1372 quendam
385 1300 533 1356 universae
547 1299 589 1355 rei
602 1299 717 1356 criticae
733 1307 911 1373 conspectum
926 1303 1013 1358 habe-

107 1384 152 1440 bit
168 1390 196 1439 et
211 1401 266 1440 non
281 1383 370 1439 minus
385 1384 420 1439 de
435 1383 569 1439 librorum
583 1383 706 1439 bonitate
723 1401 802 1455 quam
819 1385 853 1440 de
869 1385 1013 1442 doctorum

108 1466 251 1523 hominum
266 1484 318 1539 per
333 1473 462 1538 quattuor
480 1467 540 1522 lere
556 1467 668 1522 saecula
683 1467 790 1522 meritis
810 1467 934 1524 iudicare
949 1476 1013 1541 pot-

108 1550 174 1606 erit.
219 1550 261 1605 Ab
282 1551 335 1606 hac
354 1556 443 1606 tamen
468 1549 669 1605 consuetudine
691 1567 889 1622 nonnumquam
905 1553 932 1607 in
948 1570 1014 1623 par-

107 1640 165 1690 tem
183 1639 213 1688 ut
227 1649 310 1705 spero
324 1634 462 1706 potiorem
477 1633 614 1702 discessi,
635 1632 674 1689 ita
689 1640 718 1688 ut
735 1640 762 1688 et
776 1635 910 1690 bonorum
926 1636 1014 1691 libro-

107 1734 172 1772 rum
189 1732 268 1787 quam
283 1722 394 1772 secutus
412 1734 485 1772 eram
503 1717 695 1773 auctoritatem
716 1717 885 1789 appellarem
903 1725 931 1774 ct
947 1735 1014 1774 con-

107 1800 245 1856 iecturam
261 1799 401 1870 ingeniosi
419 1800 510 1856 critici
527 1800 665 1856 nonsatis
682 1806 786 1856 certam
806 1817 858 1856 nec
873 1808 1014 1873 receptam

109 1898 365 1940 commemorarem.

173 1972 254 2035 4,17
277 1966 468 2037 triumphalem
490 1965 580 2022 Vatia.
599 1966 704 2020 llemm.
728 1967 789 2022 utet
798 1974 824 2026 3.
844 1984 896 2039 pro
918 1971 1014 2022 triam-

98 2051 220 2126 phalem
234 2052 330 2120 ciram,
346 2050 397 2105 cir.
418 2055 485 2118 187,
499 2055 525 2107 9.
543 2055 605 2118 238,
621 2054 647 2107 6.
669 2054 737 2118 248,
752 2055 770 2106 4
788 2043 792 2126 Ι
812 2055 846 2109 23
862 2051 1017 2122 dipnationc

107 2134 229 2192 Ursinus
243 2125 257 2211 ΙΙ
272 2141 304 2200 5,
320 2138 338 2191 4
358 2138 384 2188 et
397 2134 425 2187 in
442 2131 621 2188 Uasanbonus
642 2147 693 2202 pro
710 2132 758 2185 sed
773 2133 803 2185 in
817 2124 831 2210 ΙΙ
846 2137 877 2201 6,
899 2139 932 2191 16
952 2133 1016 2187 Am-

107 2219 215 2284 lrronos
234 2215 448 2287 Oudendorpins
470 2206 483 2293 ΙΙ
503 2219 537 2284 8,
564 2222 579 2271 5
613 2214 846 2269 administratione
869 2216 1014 2272 codBasil.

107 2301 183 2359 Edu.
212 2300 246 2355 alr
272 2300 506 2354 administratione
531 2296 673 2353 concon.
703 2296 787 2353 Gnell
799 2305 824 2356 1.
845 2305 871 2356 2.
901 2301 973 2355 Bern
990 2307 1015 2362 1,

106 2399 165 2460 pro
199 2384 234 2438 ab
264 2385 460 2438 ministratione
501 2381 506 2453 Ι
541 2386 574 2440 19
612 2380 695 2436 Vettio
732 2382 830 2438 Indae
860 2383 1006 2440 Lambinus

106 2467 229 2527 Ursinus
259 2457 265 2543 Ι
293 2473 327 2526 32
351 2471 520 2522 ornarentur
539 2463 683 2520 Lambinus
707 2482 758 2536 pro
783 2467 980 2522 ordinarentur
1002 2457 1016 2546 ΙΙ

107 2561 164 2621 10,
179 2557 197 2611 3
210 2551 249 2605 ad
267 2552 360 2622 aipinti
373 2545 554 2606 Gasaubonns
570 2563 621 2618 pro
645 2564 679 2603 ac
694 2551 787 2620 aipinti
802 2543 807 2626 Ι
827 2557 859 2608 15
879 2552 1016 2606 inductam

106 2635 248 2710 qaenam
249 2651 299 2705 pr.
309 2633 393 2689 Guell
398 2641 421 2691 1.
435 2629 715 2701 induxitStephanu's.
730 2633 839 2688 induxit
850 2633 962 2688 Vettium
966 2651 1015 2705 pr.

106 2717 240 2777 Ursinus.
262 2717 429 2772 subornasse
442 2717 580 2771 inductam
593 2730 638 2784 pr.
656 2715 877 2788 Oudendorpius.
902 2718 1017 2772 indicem

106 2802 271 2861 subornavit
291 2800 404 2856 Vettium
425 2801 563 2854 inductum
584 2814 631 2868 pr.
650 2816 703 2870 ego
724 2791 728 2878 Ι
748 2806 783 2858 30
799 2802 883 2855 cuivis
897 2831 940 2841 -
958 2801 1015 2856 idn-

109 3005 182 3054 bent.
207 2997 347 3048 Addendus
360 3004 397 3046 est
407 2997 575 3059 Hrascppotis
588 2993 672 3042 Thrax
685 3009 712 3058 p.
723 2993 780 3053 102,
791 2992 825 3044 30
837 3006 912 3056 quem
923 2991 1015 3040 librarii

109 3073 139 3121 in
153 3067 340 3132 Tiraeeypolim
352 3071 524 3131 corruperunt.
552 3061 674 3114 Varronis
690 3061 712 3110 is
729 3075 784 3110 mos
800 3060 847 3109 fait
864 3060 939 3109 etiam
953 3058 1015 3108 alias

110 3139 277 3197 observatus,
294 3134 340 3184 clr.
363 3133 488 3184 Cornutus
503 3146 529 3196 p.
548 3130 616 3180 2285
632 3129 660 3177 Ρ.
678 3129 822 3177 Priscianus
841 3129 863 3192 1,
879 3127 904 3187 5,
924 3125 966 3175 25.

184 3201 232 3266 26)
242 3201 283 3253 Sic
296 3202 355 3252 dedi
364 3203 518 3264 perantieosr
535 3199 726 3261 Aprapopoum
746 3197 880 3252 dialecton·
890 3196 972 3244 artius
983 3221 1016 3229 -

110 3276 269 3330 nolaeleros5
283 3270 451 3334 Tyrrhenicon
454 3287 465 3327 ;
476 3266 706 3320 Carchedoniaeom·
720 3263 921 3317 Heeatebetetes;
934 3262 1016 3312 Halo·

109 3347 153 3394 ain
173 3341 229 3394 Ilii,-
245 3346 357 3396 amacio,-
374 3339 515 3402 clinopalen
531 3343 557 3382 et
573 3334 672 3384 similia.
712 3331 764 3380 Hac
781 3345 880 3394 qnoque
897 3332 924 3380 in
939 3346 967 3380 re
983 3329 1016 3380 atl

110 3417 230 3462 vetustos
244 3407 323 3458 libros
337 3407 493 3456 redeundum
503 3404 627 3461 existimo,
640 3415 698 3450 nam
710 3400 776 3465 apud
788 3407 895 3461 veteres,
907 3407 934 3450 ut
947 3399 1016 3464 apud

112 3492 161 3530 uos
168 3475 373 3527 inimmiscendis
383 3474 509 3524 vocabulis
518 3470 628 3530 Gallicis,
640 3470 682 3518 alii
688 3469 760 3518 aliter
766 3467 849 3518 lacere
856 3475 1015 3519 consuerant.
