2256 3930
254 227 532 275 buranumonuu
554 224 735 275 cmnonuu
754 227 956 288 nnuruumu.
1045 217 1109 280 297

86 386 171 447 Nam
186 383 264 464 apud
283 401 351 443 eum
370 382 494 460 epistola
511 382 653 440 iuvenitur
677 381 800 458 Augusti
821 382 998 461 increpantis
1014 381 1105 445 Hora·

95 473 184 546 tium,
211 467 289 547 quod
309 485 366 526 non
389 465 473 525 adse
495 482 611 544 quoque
629 465 748 543 piurima
765 467 883 526 scribat.
919 466 1049 530 Soboba
1064 468 1110 530 aa

96 554 211 616 Horat.
229 551 318 630 epist.
337 558 365 626 2,
383 558 409 624 1,
428 559 462 609 1.
476 594 482 607 .
494 595 500 608 .
512 547 547 622 Q.
564 549 700 609 Horatius
715 549 850 629 Flaccus,
866 551 1040 629 Venusinus,
1046 572 1104 631 pa·

97 645 145 701 tre
159 647 191 696 ut
203 638 269 714 ipse
284 633 371 694 tradit
392 632 535 694 libertino
552 640 580 693 et
594 635 790 694 euactionum
803 642 958 710 coactare,
975 637 1020 713 (ut
1035 656 1106 698 vere

86 722 242 781 tereditum
261 728 307 779 est
331 717 569 797 salsamentario,
597 735 660 777 cum
682 718 723 776 illi
741 719 854 795 quidam
870 720 897 776 in
914 719 1105 780 altercatione

98 804 325 883 exprobrasset:
359 798 506 874 Quotiens
528 819 583 880 epo
605 801 672 861 cidi
687 809 811 878 patrem
826 810 908 863 tuum
928 801 1057 865 bracbio
1073 823 1107 864 se

98 881 346 968 emungeniemi)
371 884 452 944 bello
467 885 647 963 Philippensi
668 887 780 944 excitus
798 905 813 944 a
834 885 933 946 Marco
948 887 1037 946 Bruto
1056 889 1105 948 im-

98 981 255 1052 peratore,
285 969 415 1030 tribunus
437 968 555 1027 militum
574 970 691 1036 meruit;
714 971 857 1051 victisque
874 971 1003 1049 partibus
1021 974 1105 1033 venia

99 1059 243 1136 inpetrata
258 1054 396 1131 scriptum
413 1054 608 1130 quaestorium
626 1055 812 1130 comparavit.
831 1054 889 1113 'Ac
912 1058 1003 1134 primo
1026 1056 1104 1116 Mae·

86 1143 196 1202 tceuati
209 1185 219 1217 ‚
232 1155 301 1198 mox
316 1136 450 1214 Augusto
468 1138 626 1196 insinuatus
648 1155 704 1196 non
719 1138 896 1198 mediocrem
912 1141 939 1197 in
957 1140 1104 1200 amborum

100 1226 223 1286 amicitia
244 1224 340 1283 locum
364 1223 465 1280 tenuit.
502 1219 657 1281 Maecenas
680 1231 861 1300 quantopere
883 1242 946 1281 eum
970 1225 1105 1284 dilexerit

101 1310 168 1370 statis
183 1316 307 1368 testatur
322 1305 372 1364 iilo
391 1306 613 1383 epigrammate:

252 1395 290 1450 Ni
303 1402 328 1450 tc
344 1393 492 1450 uisceribus
505 1395 585 1463 mois,
600 1393 710 1462 Horati,

251 1478 321 1534 Plus
335 1479 391 1533 iam
406 1478 500 1549 diligo,
518 1483 546 1533 tu
561 1481 634 1532 tuum
650 1479 770 1532 sodalem

86 1572 91 1612 t
253 1561 353 1618 Innuio
367 1563 461 1620 macas
475 1563 675 1634 aninesiorum

97 1644 149 1703 sed
172 1642 261 1702 multo
283 1643 375 1719 magis
397 1642 535 1700 extremis
552 1640 664 1699 iudiciis
685 1641 736 1701 taii
755 1642 790 1701 ad
807 1641 967 1719 Augustum
985 1643 1102 1720 elogio:

94 1726 213 1788 Horati
233 1725 340 1787 Flacci
360 1732 394 1785 ut
414 1725 474 1784 ruci
494 1731 557 1785 esto
579 1727 713 1785 memor!
752 1726 899 1803 Augustus
916 1727 1102 1805 epistolarum

95 1828 216 1890 quoque
241 1811 268 1869 ei
290 1809 416 1869 oiticium
439 1809 552 1886 optulit.
590 1807 653 1867 Hoc
672 1808 707 1867 ad
723 1808 920 1869 Maecenatem
939 1812 1048 1887 scripto
1065 1812 1102 1870 si-

92 1895 230 1974 gnificat:
258 1891 337 1953 Ante
351 1893 419 1971 ipse
433 1891 627 1971 suspiciebam
641 1891 815 1953 scribendis
831 1894 971 1970 epistolis
988 1895 1101 1954 amico-

91 1996 183 2053 rum,
206 1995 287 2037 nunc
304 1977 563 2055 occupatissimus
577 1982 606 2035 et
621 1976 762 2053 infirmus
779 1977 943 2037 Horatium
964 1983 1101 2036 nostrum

91 2080 114 2123 a
131 2068 162 2122 te
178 2060 269 2139 cupio
285 2059 450 2121 abducere.
473 2058 576 2120 Veniet
591 2078 663 2139 erpo
679 2059 719 2119 ab
734 2061 796 2120 ista
807 2060 986 2137 parasitica
996 2078 1103 2120 mensa

90 2145 140 2208 ad
156 2145 238 2206 banc
251 2145 380 2224 rupium,
399 2152 427 2205 et
440 2162 497 2205 nos
511 2145 543 2204 in
558 2143 697 2221 epistolis
710 2143 883 2204 scribendis
895 2141 1022 2211 iuuabit.
1057 2144 1103 2204 Ac

89 2249 131 2290 ne
154 2231 301 2289 recusanti
323 2229 436 2308 quidem
461 2237 509 2287 aut
531 2229 694 2287 succensuit
711 2229 863 2307 quicquam
882 2237 930 2287 aut
951 2229 1102 2288 amicitiam

91 2332 179 2374 suam
197 2313 332 2390 ingerere
355 2313 448 2372 desiit.
482 2311 589 2371 Extant
611 2312 771 2388 epistolae,
794 2312 930 2390 equibus
943 2315 1102 2389 argumenti

92 2398 192 2475 gratia
220 2414 311 2473 pauca
337 2396 463 2456 subieci:
494 2395 587 2455 Sume
613 2395 668 2455 tibi
696 2395 816 2475 aliquid
839 2395 918 2457 iuris
940 2397 1027 2475 apud
1043 2415 1100 2473 ma,

93 2489 254 2559 tamquam
275 2480 305 2539 si
326 2480 463 2542 conuicio
500 2479 574 2539 mibi
592 2477 715 2557 fuertr,·
744 2489 826 2541 recte
843 2481 920 2542 enim
941 2488 1044 2543 etnon
1059 2489 1100 2542 te·

91 2580 181 2626 mere
196 2561 324 2642 seceris,
343 2564 488 2646 quoniam
510 2563 544 2623 ia
557 2581 633 2623 usus
655 2564 730 2623 mibi
748 2572 844 2625 tecum
861 2583 928 2625 esse
942 2565 1041 2640 uolui,
1074 2566 1104 2625 si

90 2667 154 2730 per
169 2647 368 2708 valitudinem
382 2654 465 2708 tuum
476 2648 548 2726 fieri
557 2648 667 2726 possit.
707 2653 740 2708 Et
754 2668 868 2708 rursus:
911 2647 968 2708 Tui
982 2649 1103 2727 qualem

93 2731 231 2794 babeam
242 2731 430 2808 memoriam,
445 2732 565 2811 potaris
577 2750 616 2791 eu
628 2731 775 2809 Septimio
789 2751 908 2812 quoque
922 2739 1028 2792 nostro
1045 2749 1100 2791 au·

94 2817 189 2887 dire,·
202 2833 274 2876 nam
288 2816 397 2877 incidit
409 2823 441 2877 ut
454 2816 508 2876 iiio
524 2833 631 2876 coram
646 2817 734 2894 fieret
750 2834 770 2875 a
784 2835 830 2876 mc
846 2817 890 2877 tui
904 2815 1024 2875 mentio.
1040 2812 1100 2875 Ne·

95 2919 156 2983 quc
171 2899 249 2960 enim
263 2899 292 2960 si
304 2906 334 2959 tu
349 2898 503 2980 superbus
518 2899 686 2960 amicitiam
701 2908 840 2960 nostram
855 2899 1014 2976 sprevisti,
1032 2897 1101 2959 ideo

94 3003 155 3047 nos
171 3001 291 3064 quoque
306 2972 672 3064 ἄνθυφερηφανοῦμεν.
704 2984 860 3043 Praeterea
876 2999 965 3058 saepe
982 2999 1044 3040 eum
1061 2983 1101 3040 in-

95 3079 142 3130 ter
158 3068 258 3128 alios
250 3085 333 3127 rocos
347 3068 546 3145 purissimum
559 3086 668 3147 penem
683 3074 711 3127 et
723 3065 951 3127 homuncionem
972 3064 1099 3142 lepidis·

95 3154 208 3214 simum
230 3151 377 3230 appellat,
401 3170 515 3230 unaque
533 3161 561 3211 et
583 3152 674 3210 altera
699 3150 873 3209 iiberalitate
899 3149 1100 3226 locupletavit.

96 3238 213 3315 Scripta
236 3236 365 3314 quidem
374 3237 434 3296 eius
455 3236 642 3314 usqueadeo
665 3233 799 3312 probavit
822 3251 1014 3311 mansuraque
1035 3252 1101 3312 per·

96 3331 185 3400 petua
211 3323 345 3419 opinatus
370 3330 431 3396 est,
459 3329 489 3379 ut
510 3338 567 3378 non
583 3319 669 3377 modo
687 3317 828 3377 Seculare
852 3334 967 3376 carmen
983 3335 1101 3396 compc-

95 3405 221 3465 neudum
238 3405 392 3463 iniunxerit
414 3404 467 3463 sed
490 3412 519 3463 et
532 3402 712 3462 Vindelicam
735 3401 886 3461 victoriam
903 3399 1013 3460 Tiberii
1028 3401 1101 3462 Dru·

94 3490 197 3567 sique,
221 3489 417 3567 privignorum
441 3505 556 3546 suorum
566 3504 719 3564 ,eumque
744 3486 875 3564 coegerit
900 3494 1022 3564 propter
1045 3486 1103 3545 hoc
