2286 3944
410 239 515 287 mvus
531 239 722 290 ansusrns.
1021 233 1058 292 61

53 394 160 455 mutuis
174 393 280 470 iunxit,
304 393 534 472 promptissimus
556 395 701 455 affinitatis
724 397 863 474 cuiusque
885 404 972 474 atque
994 398 1061 457 ami·

55 479 143 539 citiae
159 477 332 537 conciliator
350 486 379 536 et
394 477 505 548 iantor;
528 497 584 538 nec
600 479 684 539 aliter
700 480 853 540 universos
876 498 959 559 quarn
974 499 1060 540 mem·

56 563 111 623 bra
128 561 278 640 partisque
293 562 406 639 imperii
424 580 511 622 curae
527 561 640 639 habuit,
662 571 809 623 rectorem
825 581 942 642 qnoque
959 565 1061 625 solitus

57 662 211 726 apponere
227 653 322 704 aetate
338 646 436 722 parvis
451 655 499 705 aut
513 655 608 705 mente
625 647 732 724 lapsis,
748 646 841 707 donec
857 647 1062 708 adolescerent

29 739 109 792 sant
131 729 357 806 resipiscerent;
380 746 415 788 ac
436 729 622 808 plurimorum
644 728 755 789 liberos
777 740 806 790 et
830 729 963 791 educavit
978 732 1061 791 simul

58 832 124 874 oum
139 813 199 871 suis
215 821 243 871 et
260 811 387 871 instituit.

119 895 165 956 Ex
176 895 345 955 militaribus
362 896 456 974 copiis
472 896 606 973 legiones
620 906 649 956 et
666 897 771 956 auxilia
788 897 989 974 provinciatim
1007 898 1104 960 dis-49

55 979 171 1055 tribuit,
193 980 317 1039 classem
330 978 433 1039 Miseni
456 987 485 1038 et
507 979 626 1039 alteram
641 981 799 1041 Ravennae
821 979 857 1039 ad
877 980 995 1040 tutelam
1010 982 1061 1041 Su-

55 1065 123 1144 peri
139 1071 168 1122 et
184 1062 273 1122 Inferi
288 1063 375 1122 maris
391 1063 571 1140 conlocavit,
596 1072 723 1124 ceterum
744 1083 891 1123 numerum
913 1066 1016 1142 partim
1034 1065 1063 1123 in

16 1171 46 1213 ro
57 1147 138 1208 urbis
154 1148 256 1225 partim
274 1147 302 1205 in
319 1147 363 1205 sni
379 1146 536 1206 custodiam
552 1147 676 1226 adlegit,
692 1146 809 1207 dimissa
828 1145 1062 1224 Calagurritano-

56 1251 122 1293 rum
135 1249 234 1306 manu,
254 1247 338 1308 qnam
353 1247 446 1307 usque
463 1231 499 1291 ad
515 1230 659 1291 devictum
673 1231 845 1308 Antonium,
862 1233 929 1290 item
946 1230 1061 1292 Germa·

56 1333 177 1391 norum,
204 1332 287 1392 qnam
312 1331 404 1392 usque
431 1312 467 1374 ad
495 1314 605 1374 cladem
624 1316 778 1375 Varianam
803 1317 876 1374 inter
901 1316 1063 1392 armigeros

58 1401 140 1459 circa
154 1416 187 1458 se
201 1397 351 1458 habuerat.
390 1397 494 1475 Neque
517 1408 611 1457 tamen
632 1417 764 1477 umquam
787 1399 887 1477 plures
904 1416 987 1477 quam
1003 1408 1063 1458 tres

59 1482 198 1544 cohortes
223 1483 251 1540 in
273 1480 345 1540 urbe
367 1499 434 1540 esse
458 1500 561 1559 passus
587 1491 632 1542 est
646 1501 755 1560 easque
774 1484 836 1543 sine
855 1483 973 1560 castris,
995 1483 1062 1543 reli-

16 1586 47 1627 1s
59 1585 134 1646 quas
151 1566 179 1624 in
194 1565 313 1625 hiberna
330 1574 358 1624 et
376 1566 486 1625 aestiva
503 1567 581 1626 eirca
596 1566 713 1626 finitima
736 1567 843 1646 oppida
860 1567 1002 1627 dimittere
1017 1584 1062 1626 as·

57 1658 167 1711 suerat.
207 1649 350 1728 Quidquid
374 1658 468 1708 autem
494 1650 601 1728 ubique
631 1651 749 1710 militnm
774 1660 868 1727 esset,
895 1649 930 1709 ad
955 1659 1063 1711 certam

57 1732 268 1811 stipendiorum
290 1735 541 1811 praemiorumque
567 1735 717 1794 formulam
745 1734 912 1810 adstrinxit,
939 1733 1063 1794 delinitis

58 1835 115 1897 pro
132 1815 223 1894 gradu
239 1817 377 1895 cuiusque
394 1826 423 1876 et
440 1817 618 1896 temporibus
635 1818 753 1878 militiae
776 1827 804 1877 et
820 1818 979 1878 commodis
996 1819 1062 1877 mis-

58 1903 188 1976 sionum,
212 1919 249 1960 ne
270 1909 318 1960 aut
341 1909 437 1960 aetate
462 1911 509 1960 aut
523 1903 621 1980 inopia
635 1910 703 1981 post
723 1902 890 1961 missionem
911 1901 1062 1961 sollicitari

14 1985 95 2046 acad
113 2002 162 2044 res
184 2002 277 2043 novas
299 1993 429 2062 possent.
465 1985 563 2062 thue
584 1993 728 2064 perpetuo
752 2003 787 2044 ac
810 1985 872 2043 sine
894 1983 1063 2047 difficultate

56 2076 189 2146 sumptus
208 2066 244 2128 ad
259 2067 382 2127 tuendos
398 2085 451 2127 eos
467 2068 748 2146 prosequendosque
771 2075 960 2146 suppeteret,
981 2084 1061 2126 aera·

54 2154 130 2213 rium
145 2152 267 2211 militare
286 2171 349 2211 cum
364 2152 559 2229 vectigalibus
574 2153 658 2210 novis
675 2148 831 2210 constituit.

122 2235 159 2295 Et
184 2252 241 2313 qno
267 2235 391 2295 celerius
413 2254 448 2295 ac
470 2236 522 2295 sub
545 2253 656 2295 manum
679 2233 837 2294 adnuntiari
863 2234 1062 2312 cognoscique

58 2327 177 2399 posset,
202 2317 269 2396 quid
289 2320 318 2378 in
335 2321 484 2398 provincia
508 2337 622 2398 quaque
637 2327 805 2396 gereretur,
826 2319 947 2378 iuvenes
969 2318 1062 2396 primo

18 2421 47 2461 2⁵
57 2402 181 2464 modicis
197 2402 359 2463 intervallis
376 2421 429 2481 per
445 2404 576 2463 militaris
590 2405 667 2479 vias,
691 2400 795 2462 debinc
816 2401 949 2462 vehicula
964 2401 1061 2480 dispo-

57 2488 125 2548 suit.
162 2483 346 2546 (iommodins
362 2486 390 2546 id
407 2488 497 2547 visum
514 2497 574 2563 est,
598 2497 627 2546 ut
642 2487 691 2565 qui
706 2504 722 2546 a
740 2486 808 2546 loco
825 2486 974 2566 perierunt
987 2485 1062 2545 litte·

56 2590 124 2647 ras,
140 2571 315 2648 interrogari
334 2588 468 2649 quoque,
484 2573 508 2631 si
525 2571 592 2649 quid
606 2590 655 2631 res
671 2571 806 2648 exigant,
823 2572 946 2650 possint.
972 2570 1004 2630 ln
1021 2569 1105 2630 dt-so

58 2653 234 2734 plomatibus
254 2654 421 2732 libellisque
448 2665 477 2715 et
502 2655 634 2735 epistolis
655 2654 804 2732 signandis
828 2656 908 2714 initio
939 2653 1062 2732 sphinge

58 2756 130 2798 usus
156 2746 217 2814 est,
243 2754 312 2797 mox
340 2740 466 2816 imagine
492 2739 589 2816 Magni
616 2738 790 2816 Alexandri,
816 2738 972 2798 novissime
1002 2755 1062 2813 sna,

20 2839 49 2881 so
58 2821 241 2883 Dioscuridis
255 2840 339 2881 manu
356 2823 484 2902 sculpta,
506 2841 562 2901 qua
578 2824 696 2900 signare
713 2823 836 2882 insecuti
853 2839 969 2900 quoque
986 2821 1062 2900 prin·

59 2908 144 2984 cipes
168 2915 402 2984 perseverarunt.
440 2906 487 2966 Ad
510 2907 650 2984 epistolas
672 2907 763 2965 omnis
785 2905 919 2966 horarum
946 2921 1063 2982 quoquc

57 2998 203 3050 momenta
218 3007 274 3049 neo
293 2989 350 3048 diei
365 2988 451 3050 modo
471 2991 523 3051 sed
540 2999 568 3050 et
589 2991 701 3067 noctis,
725 2989 828 3068 quibus
850 2989 934 3049 datae
955 2988 1062 3064 signid-

59 3081 210 3150 carentnr,
227 3071 361 3132 addebat.

124 3154 301 3217 Clementiae
318 3157 519 3236 ciuilitatisque
535 3158 597 3217 eins
618 3158 705 3217 multa
727 3166 756 3216 et
776 3174 879 3233 magna
894 3154 1063 3216 documenta
1071 3170 1101 3222 51

19 3259 48 3302 so
59 3250 135 3302 sunt.
169 3239 214 3300 Ne
230 3257 409 3319 enumerem,
426 3250 497 3320 quot
511 3249 540 3300 et
555 3259 629 3319 quos
647 3240 824 3300 diversarum
842 3240 962 3318 partium
978 3242 1062 3301 venia

59 3335 89 3385 et
104 3324 302 3384 incolumitate
318 3325 439 3386 donatos
455 3325 617 3403 principem
635 3325 719 3384 etiam
734 3326 763 3382 in
780 3324 897 3383 civitate
911 3322 1006 3383 locum
1021 3334 1061 3384 te·

58 3426 131 3468 nere
152 3426 256 3488 passus
279 3410 330 3470 sit:
358 3408 467 3468 lunium
487 3407 630 3467 Nouatum
653 3417 681 3467 et
700 3405 832 3468 Cassium
854 3407 1019 3469 Patauinum
1046 3427 1062 3467 e

59 3490 150 3572 plebe
167 3491 298 3581 homines
324 3492 444 3553 alterum
466 3492 605 3572 pecunia,
628 3491 748 3553 alterum
769 3492 828 3552 levi
850 3492 938 3552 exilio
961 3494 1062 3571 punire
