2256 3930
502 208 605 257 NERO·
1000 197 1058 263 18³

121 364 208 423 Suam
224 362 338 441 quidem
354 359 517 440 pudicitiam
532 382 623 442 usque
640 364 714 425 adeo
730 367 886 445 prostituit,
907 375 937 426 ut
959 375 1102 432 conta-29

52 448 171 509 minatis
187 465 281 525 paene
298 447 429 506 omnibus
444 447 580 506 membris
591 450 752 509 *novissimo
769 451 850 528 quasi
866 467 959 526 genus
976 450 1058 510 lusus

54 533 253 608 excogitaret,
270 548 328 608 quo
349 530 430 591 ferae
454 531 532 609 pelle
554 541 704 593 contectus
728 534 907 593 emitteretur
927 552 944 594 e
966 551 1058 610 cavea

53 618 243 692 virorumque
264 633 299 675 ao
322 614 490 674 feminarum
512 614 547 674 ad
573 616 699 695 stipitem
724 616 917 694 deligatorum
941 618 1058 694 inguina

33 699 219 774 sinvaderet,
235 707 263 758 et
285 717 349 758 oum
368 698 474 758 affatim
496 697 689 777 desaevisset,
710 702 903 761 conficeretur
923 719 939 760 a
962 700 1058 776 Dory-

55 783 154 862 phoro
169 781 289 852 liberto;
308 784 353 842 cui
369 783 464 858 etiam,
481 783 556 841 sicut
572 784 629 861 ipsi
645 783 768 862 Sporus,
784 787 823 844 ita
835 786 899 862 ipse
911 783 1057 863 denupsit,

57 885 151 927 rocas
167 883 282 945 quoque
298 874 328 926 et
341 865 484 926 heiulatus
498 867 555 926 vim
573 868 740 945 patientium
761 868 904 945 virginum
923 868 1055 928 imitatus.

58 950 105 1010 Ex
118 950 263 1010 nonnullis
272 951 403 1028 comperi
414 952 664 1028 persuasissimum
675 951 812 1012 habuisse
824 970 900 1028 cum,
910 951 1057 1012 neminem

59 1034 206 1095 bominem
219 1033 366 1112 pudicum
379 1039 435 1095 out
446 1033 512 1094 ullo
526 1035 669 1112 corporis
678 1042 773 1113 porte
782 1054 896 1114 purum
913 1053 991 1111 csse,
1005 1052 1055 1095 oc·

20 1137 127 1184 rorum
154 1118 320 1197 plerosque
344 1117 542 1179 dissimulare
565 1118 673 1180 citium
698 1126 729 1180 et
755 1119 868 1181 collide
892 1125 1056 1198 optcperm·

60 1202 183 1280 ideoque
200 1201 344 1282 professis
359 1202 435 1281 apud
453 1221 485 1263 se
501 1204 711 1264 obscenitatem
732 1213 831 1265 cetera
851 1221 966 1282 quoquo
989 1219 1044 1262 con

62 1288 187 1347 cessisse
203 1285 318 1346 delicta.

122 1370 289 1431 Diuitiarum
304 1378 333 1429 et
348 1372 489 1448 pecunias
504 1371 627 1431 iructum
645 1389 703 1432 non
724 1371 809 1432 alium
832 1370 950 1468 putabat
970 1375 1101 1449 quanto

61 1455 268 1532 profusionem,
284 1454 433 1515 sordidos
449 1472 489 1516 oc
501 1455 657 1533 deparcos
678 1473 747 1516 esec
768 1454 914 1535 quibes
901 1471 1055 1532 snspensa-

10 1556 128 1613 aarum
145 1538 228 1598 ratio
252 1544 419 1613 constaret,
437 1539 624 1616 praelautos
649 1557 781 1619 aereque
804 1538 986 1619 mopoificos
1005 1555 1058 1617 qut

10 1676 13 1686 .
61 1621 260 1684 abuterentur
274 1622 500 1700 deperderent.
545 1623 691 1684 Laudabat
705 1624 916 1702 mirabaturque
931 1639 1056 1682 avuncu-

59 1706 118 1766 lum
134 1706 231 1767 Gaium
246 1706 325 1766 nullo
341 1707 433 1783 magis
451 1709 576 1784 nomine,
591 1726 676 1787 quam
696 1708 772 1785 quod
794 1709 920 1785 ingentis
937 1725 953 1766 a
971 1705 1056 1765 'libe-

10 1789 13 1851 Ϊ
58 1792 105 1849 rio
127 1790 245 1850 relictas
266 1807 341 1869 opes
362 1792 390 1850 in
410 1790 492 1850 brevi
516 1793 610 1868 spatio
635 1791 830 1871 prodegisset.
875 1791 973 1865 Quare
1000 1806 1057 1849 nec

10 1874 201 1967 largiendi
216 1891 272 1933 nec
287 1873 453 1934 absumendi
468 1875 583 1935 modum
600 1876 698 1936 tenuit.
741 1875 774 1935 ln
791 1874 961 1948 Tiridatem,
980 1871 1057 1950 quod

10 1928 110 2037 sorix
126 1957 265 2017 credibile
284 1957 415 2018 videatur
416 1961 596 2056 ,octingena
612 1976 752 2018 nummum
772 1958 848 2017 milia
871 1958 970 2017 diurna
992 1971 1056 2014 ero-

10 2043 139 2132 ,gavit
155 2041 330 2120 abeuntique
344 2060 433 2120 super
448 2044 611 2102 sestertium
626 2043 720 2102 milies
736 2041 864 2102 contulit.
908 2039 1057 2099 lllenecra·

10 2087 108 2215 ,lton
124 2125 319 2186 citharoedum
334 2135 363 2185 et
378 2127 526 2203 Spiculum
537 2126 747 2201 myrmillonem
758 2124 969 2203 triumphalium
981 2122 1057 2181 viro·

10 2260 12 2274 ι
56 2227 122 2269 rum
136 2209 313 2287 patrimoniis
334 2209 511 2290 aedibusque
533 2210 659 2270 donauit.
704 2208 947 2287 Gercopitheoum
966 2206 1056 2266 Pane·

10 2290 12 2297 ’
57 2301 154 2352 rotem
168 2292 372 2372 feneratorem,
390 2303 420 2354 et
434 2295 549 2355 urbanis
565 2295 738 2372 rusticisque
753 2292 879 2372 praediis
895 2290 1055 2369 locupleta·

10 2397 47 2451 ,ns
58 2386 129 2453 tum,
146 2394 240 2456 prope
255 2380 339 2455 regio
357 2378 459 2439 extulit
473 2378 585 2438 funere.
628 2377 742 2438 Nullam
757 2387 868 2438 vestem
890 2375 935 2435 bis
956 2374 1055 2433 induit.

59 2460 275 2538 Quadringcnis
289 2463 317 2520 in
333 2472 469 2542 punctum
485 2464 629 2522 sestertiis
645 2463 738 2522 aleam
753 2463 830 2522 lusit.
865 2459 995 2523 Piscatus
1011 2465 1057 2518 est

56 2553 123 2605 rete
141 2554 240 2604 aurato
256 2555 285 2605 et
300 2564 428 2626 purpura
451 2564 602 2624 coccoque
625 2546 739 2607 funibus
762 2548 853 2607 neris.
897 2544 1057 2622 Numquam

56 2629 151 2686 minus
164 2629 244 2688 mille
262 2632 389 2690 carrucis
404 2631 511 2690 fecisse
528 2631 582 2689 iter
597 2631 731 2705 traditur,
752 2632 842 2691 soleis
859 2628 997 2688 mularum
1012 2643 1055 2684 ar-

56 2713 183 2788 genteis,
209 2714 382 2774 canusinatis
403 2713 585 2791 mulionibus,
604 2715 743 2776 armillata
762 2715 942 2790 falerataque
963 2709 1056 2768 lllaza·

11 2813 46 2860 ιι
58 2813 124 2854 cum
138 2795 220 2857 turba
237 2805 324 2875 atque
339 2817 497 2859 cursorum.

122 2878 211 2938 Non
202 2899 230 2938 m
246 2880 302 2942 alia
316 2901 349 2941 re
363 2892 457 2942 tamen
473 2882 647 2943 damnosior
652 2902 735 2962 quam
751 2885 778 2940 in
795 2875 985 2951 aedificando,
1002 2873 1052 2934 do·
1064 2882 1098 2936 31

56 2982 134 3022 mum
150 2982 166 3023 a
182 2963 291 3025 Palatio
306 2965 451 3043 Esquilias
466 2986 557 3045 usque
574 2967 655 3042 iecit,
672 2985 755 3045 quam
771 2966 863 3042 primo
882 2959 1055 3021 transito·

56 3049 163 3123 riam,
180 3065 248 3108 mox
261 3050 394 3109 incendio
411 3049 588 3129 absumptam
604 3053 821 3126 restitutamque
841 3060 987 3105 auream
1006 3057 1056 3099 no·

57 3133 184 3190 minavit
221 3131 265 3192 De
282 3136 363 3192 cuius
375 3135 469 3211 spatio
482 3143 567 3212 atque
580 3134 657 3192 cultu
669 3133 816 3192 suffecerit
827 3130 901 3190 haec
912 3125 1056 3185 retulisse

19 3228 48 3270 os
59 3215 241 3275 Vestibulum
257 3218 319 3276 eius
336 3217 423 3293 luit,
414 3235 442 3275 ιιι
458 3235 515 3295 quo
532 3217 666 3276 colossus
683 3215 763 3276 CXX
777 3213 881 3293 pedum
902 3217 991 3269 staret
1014 3209 1057 3286 ip-

59 3299 120 3358 sius
144 3300 258 3376 elingie;
279 3309 357 3361 tanta
372 3301 486 3376 laxitas,
502 3310 532 3359 ut
548 3301 678 3378 porticus
701 3299 832 3377 triplices
854 3294 988 3354 miliarias
1008 3291 1057 3352 ha·

58 3382 157 3453 buret;
174 3383 242 3443 item
260 3393 392 3461 stagnum
403 3384 489 3443 maris
503 3385 602 3459 instar,
619 3385 857 3460 circumsaeptum
871 3376 1011 3438 aediliciis
1022 3374 1058 3436 ad

58 3466 170 3526 urbium
186 3471 328 3545 speciem:
346 3487 412 3528 rura
428 3468 564 3548 insuper,
581 3469 658 3527 arvis
679 3477 764 3546 atque
785 3466 890 3526 vinetis
916 3469 945 3521 et
961 3461 1058 3540 pascis
