2256 3930
414 244 620 293 PRAEFATIO.
855 247 967 294 LXXIII

121 403 165 458 llx
187 417 222 457 eo
242 401 334 470 libro,
355 402 402 472 qui
422 410 504 458 sexto
524 405 589 459 loco
610 406 721 475 ponitur
741 404 784 460 de
807 403 961 460 nomini·
986 410 1017 452 Β*
1031 425 1111 472 ecum

56 480 167 567 busffl)
197 470 231 540 et
258 501 395 554 genere
425 488 598 557 vestium,
625 488 699 543 haud
721 488 781 544 scio
804 505 837 543 an
858 486 963 546 Nonius
998 469 1100 508 ΜΝ·

56 569 208 628 Marcellus
224 567 315 639 capite
327 567 401 637 lllV,
416 570 490 639 quod
506 577 549 625 est
565 571 599 625 de
614 588 719 641 genere
737 570 963 628 vestimentorum

59 671 120 711 cum
140 651 327 721 testimoniis,
350 651 501 723 particulas
520 654 695 725 decerpserit
714 671 768 710 non
786 661 963 711 contemnen-

59 740 125 802 das;
149 736 225 792 solet
245 733 317 789 enim
336 733 385 788 illc
406 741 548 792 auctorum
572 753 684 793 suorum
706 744 736 791 ut
753 738 835 794 Gellii
859 739 963 796 scrinia

58 820 145 877 tacite
166 817 303 889 expilare.
349 817 405 873 Sed
421 835 482 874 eum
497 821 603 889 locum,
628 822 674 891 qui
689 839 717 893 p.
733 826 795 890 281,
810 827 843 879 25
860 823 963 890 legitur

61 906 96 960 de
114 900 272 958 trabearum
287 901 439 971 generibus
455 920 470 959 a
485 902 569 959 Numa
584 903 720 976 Pompilio
736 904 871 972 inventis,
892 906 964 961 Sue-
984 973 986 976 y

59 985 130 1044 lonii
148 990 178 1039 ut
202 984 326 1048 credam,
347 984 493 1054 byzantini
511 987 682 1043 fabulatores
704 1002 759 1042 uon
779 989 962 1058 persuadent;

10 1091 13 1099 ·
59 1075 138 1126 carte
164 1066 265 1124 Servio
289 1067 381 1139 potius
404 1069 483 1124 fidem
501 1072 591 1126 habeo
614 1088 669 1127 uon
693 1070 803 1124 nimium
817 1070 963 1128 dissimilia

58 1173 86 1227 p.
101 1157 172 1222 282,
197 1157 214 1210 3
239 1167 255 1206 e
278 1151 412 1208 Suetonio
432 1154 602 1224 proterenti,
625 1171 676 1208 nec
698 1154 897 1223 ignoraverunt
917 1154 963 1223 ¹illi

37 1276 38 1279 η
60 1233 192 1293 Graeculi
210 1233 373 1290 Servianum
388 1236 619 1291 commentarium.
649 1237 738 1292 Habet
755 1236 864 1305 quidem
881 1237 962 1292 loan-

59 1337 110 1376 nes
124 1318 216 1388 lyam
231 1317 288 1373 illis
306 1316 418 1387 similia,
434 1325 462 1373 et
476 1317 694 1388 chrysostomus⁴
704 1335 813 1390 quoque
830 1319 865 1374 ad
880 1328 894 1379 1
909 1319 963 1375 Co-

59 1404 143 1459 rinth.
160 1400 274 1456 homilia
290 1399 377 1457 XXVI
393 1417 447 1457 non
463 1403 552 1456 licere
577 1403 616 1458 ait
637 1403 697 1458 sine
714 1403 826 1472 cingulo
844 1409 871 1456 et
887 1404 963 1459 chla-

58 1486 143 1556 myde
167 1485 202 1539 ad
225 1482 372 1540 Caesarem
390 1483 515 1554 ingredi;
539 1487 589 1541 sed
609 1492 672 1542 anta
688 1485 907 1554 Diocletianum,
928 1487 963 1541 de
1018 1516 1021 1522 ·

59 1585 116 1641 quo
133 1567 285 1639 Eutropius
306 1573 333 1637 9,
352 1572 386 1626 26
401 1567 537 1624 mdendus
564 1576 624 1640 est,
650 1570 716 1625 talia
733 1569 818 1624 scribi
835 1569 962 1641 potuisse

58 1667 144 1722 nego.

124 1735 171 1789 lte
202 1732 413 1790 maledictis
441 1735 542 1790 librum
568 1735 673 1792 Graece
701 1735 833 1808 scriptum
859 1735 960 1804 videri,
1031 1737 1061 1797 ue

58 1819 145 1892 paulo
163 1823 227 1872 ante
243 1816 409 1886 significavi.
454 1819 494 1872 ue
509 1819 667 1875 sordidiore
685 1820 839 1889 argumenti
855 1836 960 1889 genere
985 1787 1104 1830 m⁸¹⁰d¹⁰¹¹⁸

59 1916 225 1973 comparare
252 1899 320 1954 licet
346 1916 406 1955 curn
433 1901 550 1957 aliorum
577 1903 761 1974 scriptiones,
791 1909 845 1956 turn
872 1902 960 1973 ipsius

59 1983 214 2054 Tranquilli
226 1981 350 2038 libellum
363 1984 409 2054 qui
422 1985 473 2039 luit
488 1985 529 2040 de
544 1985 801 2040 meretricibus
816 1991 963 2055 [230215.γ

124 2065 169 2122 Ad
183 2067 331 2122 Romana
347 2066 515 2123 instituta
531 2069 632 2123 relerri
646 2085 762 2137 eaquae
777 2069 811 2122 de
824 2069 961 2138 triumpho
980 2074 1075 2135 Rouana
1088 2075 1114 2118 iu·

59 2155 161 2221 agunt,
183 2148 310 2219 instituto
325 2166 400 2205 mere
418 2152 538 2207 Romano
554 2168 643 2221 neque
662 2168 775 2221 usquam
790 2150 844 2205 nisi
861 2151 963 2206 Romae
1010 2129 1091 2166 Μ’

60 2232 108 2303 agi
122 2232 219 2305 solito,
237 2231 334 2287 mirum
345 2241 526 2289 commentum
541 2234 612 2290 dixit
625 2235 796 2303 Bernhardy,
811 2233 879 2287 mire
897 2251 963 2288 sane

61 2316 186 2372 miratus.
205 2310 208 2315 ’
231 2315 272 2370 Dc
294 2317 433 2373 vocabulo
449 2319 524 2389 quod
541 2323 583 2373 est
603 2319 756 2389 triumphus
773 2317 889 2387 eiusque
906 2318 963 2372 ori-

59 2400 127 2469 gine
154 2397 255 2454 similia
285 2415 471 2472 eorumquae
501 2401 677 2471 Tranquillus
705 2400 836 2456 docuisse
865 2400 963 2469 fertur,

60 2483 185 2538 Zonaras
199 2497 311 2552 quoque
325 2483 409 2538 tradit
426 2491 468 2553 12,
484 2491 518 2544 32
535 2490 553 2538 t.
571 2490 587 2541 2
601 2502 628 2556 p.
644 2490 695 2544 619
710 2486 795 2540 Boon,

122 2566 164 2621 De
184 2563 269 2620 libris'
282 2565 322 2620 de
344 2565 418 2621 vita
439 2566 623 2624 Caesarum
644 2584 725 2639 supra
745 2567 904 2638 singulatim
920 2566 963 2623 di-

60 2654 133 2704 ctum
149 2654 200 2704 est.

121 2733 163 2787 De
193 2732 424 2788 Romanorum
446 2735 537 2789 viris
566 2733 789 2790 illustribus
818 2735 863 2806 qui
897 2735 962 2790 olim
987 2734 1094 2826 ,Devifjr

59 2816 248 2888 scripserant,
270 2816 362 2871 Varro
383 2816 482 2872 Santra
502 2815 596 2889 Nepos
619 2813 797 2892 hyginum),
824 2835 872 2874 eos
893 2819 963 2875 Sue·
986 2787 1063 2828 'uum
1080 2796 1104 2825 ω

130 3007 179 3072 54)
197 3012 312 3077 Ineptum
324 3007 437 3074 κυρίων,
457 3013 524 3076 quod
542 3012 611 3078 apud
628 3012 731 3064 Suldam
746 3021 805 3078 post
819 3003 965 3076 ὀνομάτων

59 3080 163 3146 legitur,
179 3093 220 3129 me
237 3079 315 3128 invito
335 3079 464 3144 typotheta
478 3082 571 3133 omisit.
600 3079 651 3130 Sed
665 3092 733 3132 certe
745 3079 792 3131 hac
806 3081 832 3130 in
845 3096 872 3130 re
889 3080 965 3145 plane

59 3149 176 3199 divinum
201 3146 330 3198 homiuem
350 3147 459 3210 dixeris,
483 3149 526 3214 qui
549 3164 606 3198 eum
629 3149 796 3215 sagacissimo
814 3147 959 3211 Bernhardy

58 3231 120 3266 casu
135 3216 162 3265 iu
174 3215 243 3266 idem
259 3215 355 3266 incidit.

129 3283 177 3349 55)
204 3284 256 3335 Hos
280 3285 317 3334 ita
337 3283 505 3349 Hieronymus
535 3285 664 3348 coniungit
682 3283 749 3334 inlra
774 3301 800 3350 p.
827 3284 893 3343 287,
920 3284 963 3335 ab.

58 3353 144 3405 Verbo
167 3352 403 3403 commemorandus
424 3354 500 3403 etiam
524 3360 562 3402 est
586 3353 745 3414 ‘Tarquitius
767 3353 799 3403 de
822 3352 963 3404 illustribus

58 3421 124 3471 viris
146 3421 289 3471 dissereus’
312 3419 381 3486 apud
405 3421 562 3471 Lactantium
580 3421 706 3470 diuinet.
725 3423 756 3483 1,
778 3422 823 3477 10.
848 3422 861 3473 1
882 3435 963 3484 coque

58 3490 142 3554 magis
161 3489 230 3552 quod
253 3488 356 3538 luerunt
376 3490 418 3552 qui
435 3489 574 3553 Tranquilli
599 3504 691 3539 nomeu
714 3499 873 3557 reponerent.
911 3488 962 3539 Sed
