2256 3930
405 233 509 282 nrvns
526 233 709 282 susumus.
995 223 1056 284 167

56 389 155 450 adulto
173 390 228 448 iam
251 388 310 447 lilio
332 387 495 466 privignum
516 385 681 463 adoptaret,
704 387 859 446 identidem
886 387 1056 468 divulgavit,

57 473 203 532 nemiuem
223 487 365 551 umquam
380 489 438 548 per
460 469 656 548 adoptionem
669 469 812 547 familiae
834 468 988 531 Claudiae
1009 474 1054 533 tn·

57 562 180 616 serlum.

120 639 268 696 Sermonis
297 653 368 696 vero
400 654 552 714 rerumque
582 645 685 697 tantam
719 655 809 715 saepe
840 638 1097 715 neglegentiam40

30 720 195 797 sostendit,
210 729 240 779 ut
258 739 312 779 nec
331 720 394 798 quis
410 737 466 778 nec
480 721 555 778 inter
571 737 662 797 quos,
680 738 776 798 quove
792 729 926 800 tempore
937 739 972 781 ac
986 722 1054 781 loco

56 805 147 865 verba
172 805 301 881 faceret,
330 805 406 862 scire
436 812 484 861 aut
509 805 640 879 cogitare
670 807 891 864 existimaretur.
927 803 997 864 Cum
1019 805 1056 864 de

56 890 139 948 laniis
160 889 326 947 scrinariis
345 895 498 964 ageretur,
522 887 695 948 exclamavit
714 889 853 948 incuria:
883 888 972 966 Rapo
987 905 1054 964 coa,

57 973 126 1052 quic
144 977 247 1049 potest
263 971 329 1030 clue
349 967 445 1050 offula
464 970 590 1030 cicere?
621 972 836 1050 descripsitque
857 971 1056 1031 abundantiam

58 1065 187 1115 veterum
204 1054 401 1129 tabernarum,
424 1053 498 1112 unde
514 1054 617 1114 solitus
634 1065 714 1114 esset
737 1058 831 1114 vinum
853 1055 921 1114 olim
943 1057 1056 1132 etipse

24 1153 47 1194 ro
58 1148 169 1218 petere.
192 1138 235 1197 De
252 1146 424 1215 quaesturae
440 1137 564 1214 quodam
581 1139 732 1198 candidato
746 1139 820 1197 inter
837 1156 940 1198 causas
955 1139 1055 1197 suffra·

56 1223 184 1299 gationis
202 1239 270 1280 suae
287 1223 400 1299 posuit,
427 1221 511 1299 quod
522 1229 615 1298 pater
630 1223 697 1282 eius
708 1221 860 1300 friqidcm
878 1240 974 1300 aepro
997 1219 1058 1280 ribi

57 1305 232 1382 tempestive
254 1304 397 1364 dedisset.
435 1304 554 1365 Inducta
574 1315 649 1364 teste
670 1308 699 1364 in
719 1314 838 1381 senatu,
860 1303 948 1365 Haec
966 1306 1057 1383 inquit

55 1389 166 1448 matris
189 1406 275 1447 meae
300 1387 413 1448 liberto
437 1395 467 1447 et
487 1389 632 1448 ornatrix
649 1388 726 1466 fuit,
751 1389 808 1449 sed
824 1406 871 1448 me
890 1393 1057 1467 patronum

55 1490 176 1549 semper
192 1471 400 1541 existimavi&
415 1471 473 1531 boc
487 1472 557 1532 ideo
575 1472 656 1548 dial,
674 1472 758 1551 quod
772 1473 898 1552 quidum
912 1477 985 1532 suat
998 1471 1055 1531 od-

22 1556 115 1615 rclmc
128 1556 160 1615 in
175 1554 264 1616 domo
284 1571 368 1629 meu,
393 1555 446 1632 qui
464 1573 511 1614 ma
525 1561 694 1632 patronum
713 1575 776 1616 asoa
794 1563 913 1634 putant.
951 1555 1057 1615 Sedet

56 1657 111 1718 pro
128 1638 279 1716 tribunali,
305 1637 486 1698 Ostiensibus
509 1639 641 1716 quiddam
662 1639 779 1716 publice
802 1640 967 1716 orantibus,
992 1657 1056 1698 cum

56 1723 280 1799 excanduisset‚
303 1721 380 1782 nihil
401 1719 517 1781 habere
537 1741 572 1782 re
599 1723 777 1782 vociferatus
798 1732 858 1801 est,
879 1741 978 1803 quare
1002 1740 1056 1782 eos

56 1807 273 1876 demaratum
288 1805 317 1865 ri
330 1822 417 1884 quem
433 1805 543 1881 allum,
568 1813 598 1866 et
610 1823 645 1865 se
666 1804 795 1866 liberum
813 1824 889 1867 esce.
918 1806 990 1866 Nam
1006 1806 1056 1865 illa

55 1892 120 1950 eius
150 1889 292 1948 cotidiana
318 1897 347 1946 et
373 1888 459 1966 plane
486 1890 609 1948 omnium
633 1889 769 1949 horarum
796 1899 826 1950 et
847 1899 1056 1949 momentorum

13 1981 153 2033 aoerant:
175 1970 271 2048 octo,
291 1989 347 2050 epo
363 1971 418 2032 tibi
444 1969 620 2051 Teleqeot'ue
641 1973 774 2034 videor?
801 1982 830 2032 et
851 1965 972 2050 Λάλει,
1000 1964 1080 2031 sats

54 2045 101 2136 μὴ
115 2054 276 2134 θίγγανε]
296 2055 440 2133 multaque
455 2056 522 2115 talia
539 2057 624 2116 etiam
641 2058 760 2134 privatis
777 2056 934 2133 deformia,
952 2054 1056 2114 nedum

54 2141 196 2218 principi,
218 2157 311 2218 neque
326 2137 480 2198 infacundo
496 2157 592 2217 neque
607 2140 743 2218 indocto,
766 2141 851 2199 immo
868 2141 952 2198 etiam
967 2140 1055 2217 perti·

54 2223 168 2282 naciter
182 2220 350 2281 liberalibus
367 2222 468 2282 studiis
484 2221 591 2282 dedito.

117 2306 272 2365 Historiam
293 2308 322 2364 in
346 2305 558 2383 adulescentia,
584 2306 717 2366 hortante
740 2306 774 2366 Τ.
796 2306 894 2383 Livio,
924 2305 1093 2384 Sulpiciobl

12 2413 43 2452 ac
57 2406 130 2449 vero
145 2388 237 2448 Flavo
255 2391 339 2449 etiam
354 2388 521 2466 adiuvante,
541 2390 673 2449 scribere
688 2390 846 2467 adgressus
863 2398 916 2449 est.
936 2388 974 2448 Et
992 2407 1055 2448 eum

57 2474 178 2552 primum
203 2472 347 2550 frequenti
379 2471 519 2533 auditorio
552 2475 758 2550 commisisset,
797 2492 886 2552 aegre
917 2473 1054 2552 perlegit,

56 2557 248 2632 refrigeratus
264 2574 354 2635 saepe
369 2575 385 2616 a
400 2566 492 2616 semet
506 2559 581 2636 ipso.
604 2558 676 2618 Nam
689 2577 752 2618 oum
768 2558 848 2617 initio
864 2559 1054 2633 recitationis,

35 2639 195 2699 defractis
224 2638 419 2718 compluribus
447 2641 582 2701 subsellis
607 2642 750 2702 obesitate
785 2642 945 2717 cuiusdam,
978 2643 1055 2699 risus

57 2731 176 2782 exortus
192 2731 287 2800 esset,
308 2741 344 2782 ne
367 2723 467 2784 sedato
491 2725 605 2802 quidem
625 2727 743 2786 tumultu
764 2735 929 2804 temperare
952 2725 1054 2800 potnit,

14 2820 46 2862 ao
59 2806 126 2885 quin
142 2824 178 2865 ex
192 2806 346 2866 intervallo
363 2807 483 2868 subinde
497 2808 566 2868 facti
587 2812 821 2870 reminisceretur
840 2809 1056 2884 cachinnosque

56 2898 221 2950 revocaret.
261 2889 294 2949 In
321 2891 482 2970 principatu
511 2909 626 2970 quoque
653 2903 682 2952 et
707 2894 826 2970 scripsit
852 2892 1002 2969 plurimum
1025 2896 1055 2948 et

57 2973 173 3034 assidue
182 2974 315 3033 recitavit
327 2991 380 3051 per
392 2975 542 3034 lectorem.
557 2975 668 3035 Initium
680 2985 774 3036 autem
785 2977 905 3053 sumpsit
916 2973 1055 3033 historiae

58 3067 125 3136 post
141 3055 259 3116 caedem
275 3055 410 3117 Caesaris
428 3059 590 3135 dictatoris,
615 3059 668 3119 sed
690 3069 719 3119 et
739 3060 851 3118 transiit
866 3056 901 3117 ad
915 3056 1055 3116 inferiora

56 3151 189 3219 tempora
206 3142 360 3218 coepitque
378 3159 394 3201 a
416 3159 489 3219 pace
505 3143 599 3219 cirili,
622 3160 686 3201 cnm
708 3143 829 3201 sentiret
850 3159 944 3219 neque
960 3136 1054 3199 libere

20 3238 47 3278 ac
59 3242 155 3302 neque
168 3242 239 3283 vere
254 3223 308 3282 sibi
324 3223 359 3283 de
374 3225 571 3302 superioribus
585 3225 714 3285 tradendi
728 3233 901 3303 potestatem
913 3223 1054 3302 relictam,
1061 3220 1089 3286 u*

59 3317 212 3385 correptus
232 3325 321 3386 saepe
340 3316 368 3366 et
384 3316 505 3368 amatre
522 3317 551 3368 et
567 3308 603 3368 ab
620 3311 693 3368 avia.
715 3308 824 3368 Prioris
841 3309 978 3368 materiae
998 3306 1053 3367 duo

58 3391 219 3467 volumina,
236 3393 408 3469 posterioris
429 3409 513 3450 unum
529 3401 558 3450 ct
573 3391 760 3470 quadraginta
775 3392 898 3471 reliquit.
929 3390 1054 3470 Compo-

59 3476 115 3535 suit
137 3484 166 3534 et
183 3474 229 3534 lle
243 3474 309 3535 otta
324 3491 384 3535 aaa
402 3483 471 3534 octo
488 3475 648 3552 volumina,
670 3477 763 3552 magis
779 3476 878 3555 inepte
896 3495 979 3555 quam
995 3477 1056 3534 ine-
