2286 3944
37 224 99 286 278
307 232 337 280 c.
360 231 526 280 sunsoxn
548 229 764 290 τυινουιιττ

35 383 72 451 δὲ
91 383 146 450 καὶ
171 379 249 461 τοῦς
270 378 541 484 άστραγάλους,
543 384 578 446 ot
597 373 691 444 ua6'‘
670 397 802 464 αστριες
824 375 922 446 xa6'
900 399 1007 465 αστριγ

34 469 193 574 λέγονταί
236 487 336 553 φησι,
363 461 503 539 πτώσεις
523 463 665 529 ἕκαστον
686 468 773 547 ἔχειν
794 466 961 571 τέσσαρας
975 491 1007 529 κο

34 547 216 619 ἀντίθετον
230 550 460 658 συγκειμένας
463 542 585 649 ὁμοίως
599 543 703 656 κῦβφ.
725 552 842 652 ἔχουσι
858 549 913 631 δέ,
932 566 1007 651 φησι

35 632 248 740 ἀντικείμενα
259 632 391 721 μονάδα
407 659 462 698 και
451 628 634 734 εξάδα,
604 654 673 696 ειτα
687 630 806 735 τριάδα
821 630 878 697 καλ
893 631 1007 718 τετράδ

34 717 55 807 ἧ
72 715 137 826 γάρ
154 717 244 823 δυάς
251 737 339 820 φασι
351 717 406 784 καὶ
420 711 541 792 πεντάς
554 712 608 780 ἐπὶ
618 711 735 799 κύβων
745 712 856 821 μόνον
869 723 1007 802 παραλαγ

34 806 201 907 βάνονται
220 797 265 880 ὥς
276 799 429 905 ἐχόντων
449 801 645 902 ἐπιφανείας
664 799 707 878 ἔξ.
742 796 837 866 καλ”Ι
814 825 867 866 οτι
882 803 951 865 τῶν
966 827 1007 866 κα

35 883 115 964 τοῦς
135 882 366 991 ἀστραγάλους
387 881 546 951 πτώσεων
566 884 603 948 αλ
620 882 682 966 μὲν
698 886 790 949 θεῶν
804 887 933 950 εἰσιν’
916 883 1007 950 επάν

34 999 114 1059 μοι,
141 997 176 1036 αι
168 966 276 1056 δέἡ
257 968 394 1058 ηράων,
420 995 455 1034 αι
448 965 511 1034 δε
519 967 703 1075 βασιλεων
719 969 756 1033 αί
770 965 807 1035 δε
823 965 1007 1071 ένδοξωνα

37 1060 144 1164 δρῶν,
163 1057 199 1120 αἱ
212 1054 248 1121 66
264 1058 451 1157 ἑταιρίδων.
477 1052 617 1160 Λέγεται
632 1050 671 1116 δέ
682 1075 730 1127 τις
744 1053 781 1117 ἐν
796 1046 930 1136 αῦταῐς,
954 1077 1007 1138 φη(

36 1139 92 1207 καὶ
113 1144 334 1241 Στησίχορος,
359 1136 451 1203 κάλ’
435 1135 538 1240 ετέρα
551 1128 662 1219 Εάριπ
662 1138 743 1219 ί.δης
763 1132 835 1201 Ετι
856 1105 948 1221 λέγει
962 1137 1007 1202 ἐκι

36 1249 96 1300 νος
116 1215 135 1290 6
158 1218 205 1288 τά
228 1223 424 1322 περὶτῆς
423 1213 514 1285 καθ’
522 1213 901 1324 Ἐλληναςπαιδιάς
903 1219 1005 1328 γράβ

35 1300 129 1374 καλ
109 1329 160 1372 οτι
176 1309 242 1372 τῶν
260 1299 343 1372 κατά
365 1297 446 1379 τοῦς
450 1297 691 1408 ἀστραγάλους
712 1297 860 1412 βόλον
844 1329 941 1410 ομεν
955 1300 994 1370 τά

37 1387 228 1471 δυνάμενος
250 1391 358 1491 Κῶος
366 1386 421 1453 καλ
444 1387 548 1472 εξίτης
571 1381 765 1471 ἐλέγετο,
748 1413 766 1455 ο
789 1385 826 1453 δε
846 1412 884 1455 το
872 1387 940 1454 ἓν
955 1395 1007 1454 Χῑι

36 1479 84 1540 ἐτι
99 1472 136 1538 66
152 1471 266 1536 κάλ’
223 1497 325 1538 κυων.
347 1465 431 1538 ὅθεν
446 1475 505 1536 καί
517 1495 566 1548 τις
580 1439 757 1555 παροιμία
781 1478 861 1548 Χιος
876 1490 1007 1558 παραστ

36 1558 137 1644 Κῷον
152 1550 217 1621 οῦκ
235 1553 334 1639 ἐάσω,
349 1544 389 1640 ἧς
405 1556 579 1660 μέμυηταί,
597 1575 692 1664 φησι,
708 1552 871 1640 Στράττις
885 1558 923 1622 ἐν
940 1559 999 1622 τά·

203 1646 283 1718 Χῖος
295 1637 478 1749 παραστὰς
479 1641 580 1737 Κῷον
599 1637 661 1706 οῦκ
675 1642 722 1739 ἐᾳ
699 1640 853 1723 λέγειν·

33 1730 134 1790 Ἐνθα
135 1724 360 1830 ἐνθυμητέον
374 1717 478 1790 καλ
445 1749 481 1790 το
496 1724 558 1789 τοῦ
572 1725 736 1830 κωμικοῦ·

100 1809 274 1874 πέπτωκεν
289 1810 360 1911 ἔξω
365 1811 434 1873 τῶν
451 1809 579 1890 κακοῖν,
595 1833 637 1874 ου
628 1802 734 1911 ’Χῖος
748 1801 834 1873 άλλοὶ
848 1813 961 1917 Κειος,

35 1891 92 1958 καλ
113 1886 298 1996 νοητέον
275 1917 319 1969 ως
340 1885 360 1977 ἢ
385 1889 592 1978 ἔσφαλται
561 1885 713 1991 ηγραφὴ
733 1916 796 1958 του
783 1893 910 1968 Κεῖος
927 1889 1007 2004 ἦάλ

35 1970 271 2086 παρβδηται’
251 1971 318 2044 υπδ
341 1979 404 2043 τοῦ
425 1978 584 2080 κωμικοῦ.
615 1975 702 2084 Περὶ
723 1972 761 2041 66
782 1977 847 2042 τοῦ
864 1981 1007 2089 είρημενι

36 2045 142 2138 κυνδς
158 2055 293 2128 κάκεῖνο
308 2060 397 2144 λέγει
412 2055 511 2135 αὐτὸς
529 2059 671 2164 (γραφὲν
686 2059 741 2126 καὶ
755 2053 953 2144 άλλαχοῦ)“
934 2089 985 2132 οτι
999 2089 1007 2128 ι

37 2142 95 2222 δός
111 2172 143 2212 τι
166 2151 304 2230 κυβείας
318 2143 373 2211 καὶ
387 2142 497 2248 πόλις,
516 2131 591 2209 ἐν
569 2171 607 2233 ῃ,
622 2141 746 2230 ψήφων
759 2146 895 2210 πολλῶν
912 2149 952 2215 ἐν
973 2150 1007 2213 δι

37 2231 282 2315 γεγραμμέναις
306 2227 371 2294 τισὶ
390 2225 511 2314 χώραις
530 2228 712 2314 κειμένων,
733 2228 786 2336 έγί
784 2252 860 2294 νετο
885 2223 1007 2299 άντανο

36 2330 150 2419 ρεσις.
168 2312 223 2378 καὶ
248 2314 430 2379 ἐκαλοῦντο
456 2314 493 2377 6
513 2309 575 2396 μέν
600 2310 781 2418 γραμμικαὶ
807 2314 911 2416 χμῦραι
933 2314 1007 2383 πόλι

37 2393 280 2497 ἀστειότερον,
286 2399 324 2462 αί
335 2393 371 2462 δὲ
387 2391 732 2504 άντεπιβουλεάουσαι
754 2391 912 2481 άλλήλαις
939 2402 1007 2486 ψῆφ

36 2477 137 2629 ιόάνες
162 2474 217 2545 διά
247 2473 283 2546 τὸ
310 2481 417 2565 δῆθεν
444 2474 587 2557 άναιδές.
638 2483 823 2545 Eustathius
848 2487 894 2545 ad
917 2489 1007 2550 Κονν

66 2568 277 2645 dss.l,107.

84 2586 194 2712 yH
169 2645 324 2729 Περὶ
302 2649 381 2712 τῶν
402 2642 510 2752 παρά
527 2641 744 2732 Ῥωμαίοις
763 2651 957 2733 θεωριῶν
979 2678 1007 2717 κ

36 2726 205 2815 άγοάνων
225 2728 436 2816 βιβλίαβῖ
481 2735 609 2798 Sttidas.

101 2822 192 2896 Quam
213 2838 274 2879 rem
294 2829 323 2880 et
340 2821 388 2882 alii
407 2820 485 2882 docti
500 2824 555 2881 viri
571 2831 600 2880 et
617 2822 772 2881 Suetonius
791 2823 875 2883 etiam
892 2824 1006 2902 Tranqu

35 2904 1007 2988 lusinlibroludieraehistoriaeprimosatiscompertt

36 3007 105 3048 esse
123 2990 253 3068 satisque
270 3008 358 3069 super
382 3008 417 3050 ee
435 2998 570 3050 constare
590 2989 734 3050 adfirmat:
755 2993 869 3051 nervias
891 2993 920 3051 in
940 2993 1007 3052 ΙιδΙΙι

36 3072 158 3133 brumali
174 3073 219 3132 die
236 3073 308 3134 elias
324 3075 423 3152 digitis
438 3073 524 3154 pelli,
541 3074 613 3135 alias
630 3091 746 3133 sonere.
776 3073 893 3136 Gellms
909 3084 934 3151 9
951 3086 978 3141 7.

101 3158 140 3218 ΙΙΙ
155 3158 193 3217 ait
208 3158 364 3218 Suetonius
380 3159 434 3218 't'm
421 3158 577 3235 aquilius,
594 3158 697 3217 lusus
690 3175 754 3236 ipse
770 3176 855 3236 quem
874 3161 963 3238 vulgo
979 3180 1007 3240 pt

36 3239 146 3301 rieham
161 3241 310 3320 appellant
328 3243 406 3303 Ττοι
443 3252 567 3318 ocatur,
586 3244 630 3302 eui
634 3261 665 3300 ηε
682 3242 822 3318 originem
840 3248 989 3322 expressit

37 3321 198 3384 ΙΙΙιτοΙ
184 3343 263 3372 ⁴¹¹1
277 3343 402 3384 ὀιτον
468 3325 1007 3407 10¹²avetusadVer9Ae

39 3414 66 3479 5,
85 3415 140 3466 60

101 3489 147 3532 ¹·-
616 3527 684 3540 -<
722 3516 732 3540 e
718 3493 843 3554 -tta
872 3504 1007 3555 transveit
