2256 3930
87 723 133 764 gns·

55 775 110 804 *ts

156 215 267 263 XXXVI
498 212 707 262 Pnnnusulo.

157 380 188 431 ct
201 375 251 446 qut
264 402 305 414 -
329 372 461 446 ohh‘pcrct
476 402 519 413 —
544 377 572 428 ct
593 372 774 429 descenderit.
819 372 868 430 dio
897 370 977 430 enim
997 371 1065 432 lieri

159 457 236 527 Quae
257 457 384 529 exempla
400 473 434 514 eo
451 455 584 513 libentius
600 457 751 528 congessi,
772 456 847 529 quod
869 455 1012 515 nonnulis
1031 463 1066 514 to-

159 558 235 599 mere
256 541 284 596 iu
307 541 361 597 hac
376 557 486 612 qnoque
509 540 634 597 editione
656 541 692 597 ed
712 541 838 612 regulam
855 541 926 596 artis
941 545 1066 598 corrosit

159 631 251 765 suntln
274 708 501 782 orthographicis
517 709 602 765 rebus
624 725 679 765 non
694 709 839 780 vulgarem
860 708 1007 766 rationem
1023 708 1066 766 oh-

159 793 283 864 servavi,
298 799 328 848 ut
341 800 446 849 certum
461 793 581 864 aliquem
594 793 736 849 scribendi
749 792 859 848 modnm
870 791 917 849 vel
930 791 1066 850 vetustio-

159 895 217 935 rem
235 879 281 935 uel
296 878 483 934 recentiorem
505 876 645 932 mordicus
661 876 812 932 retinerem
832 881 861 932 et
880 874 1066 948 ludimagistri

158 962 247 1019 instar
261 978 313 1034 per
328 967 412 1018 totam
427 960 578 1017 editionem
599 959 769 1016 inculcatam
785 956 856 1034 (hoo
876 958 953 1016 enim
974 961 1067 1032 leges·
1087 916 1100 1353 ἱ

159 1045 235 1103 tibus
253 1045 464 1115 relinquendum
480 1044 568 1114 duco,
590 1044 637 1116 qui
652 1043 786 1116 quidquid
804 1043 903 1100 oculos
919 1043 1068 1101 offenderit

160 1130 309 1186 emendare
324 1127 436 1183 scilicet
450 1123 595 1202 poterunt)
610 1128 661 1183 sed
675 1127 778 1200 ubique
794 1127 930 1184 librorum
945 1127 1068 1185 anctori-

159 1213 210 1271 tati
232 1213 384 1270 obsecutus
407 1228 476 1266 sum.
521 1209 628 1278 Quodsi
650 1211 748 1282 negari
769 1227 823 1268 non
846 1217 961 1284 potest,
992 1227 1068 1268 nnnn

160 1297 333 1367 eundemque
348 1295 514 1366 scriptorem
528 1295 601 1352 iutra
617 1295 698 1351 nnius
712 1295 835 1368 paginae
852 1294 976 1367 spatium
992 1296 1067 1351 deum

161 1387 189 1437 et
206 1381 336 1448 morum,
354 1380 522 1450 uectigalium
543 1386 571 1435 et
590 1380 810 1450 compulsorum,
829 1378 927 1450 quihus
948 1385 980 1434 et
1002 1381 1067 1452 quet,

160 1464 243 1520 aedes
268 1469 297 1520 et
318 1463 410 1534 cedas,
431 1469 487 1518 tres
507 1469 536 1518 et
555 1465 620 1534 tris,
643 1469 733 1519 cetea
753 1468 782 1518 ct
802 1463 898 1532 amem,
918 1462 1068 1520 amuco

160 1549 287 1618 descura,
293 1547 451 1603 adolescere
465 1548 685 1603 etcdulescentes
700 1553 728 1602 et
738 1547 822 1603 multa
838 1545 940 1603 similia
954 1546 1068 1604 adidcn

160 1632 316 1704 exemplum
340 1631 508 1704 scripsisse,
531 1631 627 1702 quidni
650 1636 750 1686 nactus
765 1646 877 1702 quoque
897 1635 927 1685 et
939 1636 1068 1700 naneae,

158 1716 209 1772 sed
223 1722 251 1770 et
263 1721 320 1785 set,
339 1709 458 1787 conlega
469 1721 497 1771 et
511 1716 667 1788 collegium,
686 1713 805 1787 adferre
823 1719 852 1770 et
866 1714 982 1786 allatus,
999 1730 1068 1771 com·

155 1801 261 1872 porcat
273 1805 301 1854 et
316 1804 524 1870 conponantur,
540 1800 652 1854 colonias
670 1805 698 1854 et
712 1800 831 1868 camno,
852 1798 915 1853 obiit
928 1804 959 1853 et
974 1798 1029 1855 obst
1044 1803 1068 1854 et

159 1882 373 1940 innumerabilia
389 1883 419 1938 id
434 1899 523 1953 genus
540 1883 596 1938 alia
614 1883 688 1938 idem
705 1882 828 1954 scriptor
845 1881 1011 1954 admiserit,
1025 1881 1068 1939 vel

161 1967 275 2024 auribus
295 1965 341 2022 vel
362 1965 469 2022 iudicio
486 1966 531 2022 vel
554 1966 631 2023 casui
651 1957 868 2039 obtemperans?
891 1964 959 2022 Nam
976 1967 1066 2023 admo·

161 2052 224 2107 dum
241 2067 330 2123 pauca
346 2049 373 2105 iu
387 2050 431 2106 his
447 2051 532 2106 rebus
549 2050 651 2106 scimus
667 2056 696 2106 et
709 2051 790 2123 plura
806 2049 935 2105 discendi
950 2049 1068 2106 incultas

160 2135 263 2193 tamdiu
280 2135 407 2207 adempta
424 2134 486 2204 erit,
505 2134 634 2205 quamdiu
651 2140 856 2205 consequentes
873 2149 955 2203 esse,
974 2139 1006 2188 nt
1019 2133 1069 2188 ho·
1096 2124 1106 2240 ί

162 2220 260 2276 dicrno
276 2219 365 2276 verho
380 2224 459 2287 utar,
476 2218 505 2272 id
520 2224 563 2274 est
578 2218 727 2290 opiniones
744 2223 772 2272 et
789 2215 963 2290 praeiudicia
979 2215 1069 2288 seqni,

163 2320 241 2374 qnam
267 2307 433 2359 vetustatem
462 2301 612 2372 explorare
640 2301 781 2358 rualenus.
825 2299 977 2370 Numquam
1006 2315 1071 2373 per-

162 2393 259 2459 specta
278 2391 355 2441 esset
375 2383 493 2440 liotkcri
515 2391 543 2439 et
562 2384 784 2455 sangallensium
806 2383 854 2441 illa
876 2383 994 2454 regula,
1018 2399 1070 2455 qna

162 2470 244 2525 modo
256 2468 377 2523 hrucder
388 2467 485 2522 dotter
493 2475 547 2538 pot,
558 2469 640 2524 modo
650 2469 778 2539 prucdcr
788 2467 874 2524 tohter
887 2473 932 2522 cot
944 2467 1071 2540 scripse-

162 2558 236 2621 runt,
252 2551 305 2607 nisi
320 2566 423 2607 summe
440 2567 500 2606 cum
517 2552 569 2607 lide
584 2568 679 2607 eorum
693 2552 798 2624 scripta
815 2567 950 2624 expressa
963 2556 1070 2607 essent.

162 2635 212 2690 Est
236 2635 323 2706 igitur
343 2635 522 2690 vehementer
545 2636 709 2708 optandum,
737 2642 765 2690 ut
789 2637 899 2692 tandem
919 2633 1072 2706 aliquando
1101 2581 1109 2725 Ι

162 2719 272 2791 puerile
293 2717 362 2773 illud
381 2719 598 2790 consequentiae
619 2719 738 2775 studium
760 2719 855 2775 velere
873 2718 1020 2774 iubeamus
1045 2723 1073 2773 et
1104 2750 1109 2839 Ι

163 2803 213 2857 has
237 2816 346 2872 quoque
369 2801 498 2858 minutias
523 2804 559 2858 ad
579 2802 669 2858 libros
696 2803 849 2874 exigamus.
894 2801 1072 2858 Fidissinrnnu
1107 2850 1109 2861 ,

164 2885 261 2940 ducem
280 2886 411 2940 hahemus
427 2885 455 2940 in
468 2885 604 2941 Suetonio
620 2882 808 2942 llemmianum
826 2883 970 2956 codicem,
991 2885 1071 2941 cuius
1103 2901 1109 2993 1

164 2967 382 3039 orthographica
394 2970 567 3025 consuetudo
584 2970 618 3025 ad
631 2970 720 3026 libros
732 2970 929 3042 palimpsestos
941 2969 1071 3041 proxime
1108 3002 1109 3013 κ

164 3051 288 3114 accedit;
310 3067 370 3107 eum
386 3052 471 3122 igitur
489 3054 604 3122 ducem,
626 3053 791 3124 ubicumque
807 3052 866 3110 lieri
880 3047 1012 3126 possen)
1027 3052 1071 3108 vi·
1104 3050 1109 3157 ι

232 3212 278 3276 25)
299 3210 376 3278 Sequi
392 3214 463 3265 nolui
484 3216 508 3264 in
525 3224 611 3280 aperte
626 3215 699 3266 ialsis
713 3224 742 3267 ut
758 3220 900 3278 provintia,
921 3216 992 3280 quod
1011 3215 1069 3266 Nie·
1104 3192 1109 3312 Ι

164 3280 229 3331 bnhr
246 3282 375 3346 probavit,
394 3285 490 3333 nummi
506 3285 653 3349 lapidesque
671 3287 798 3336 damnant.
835 3284 975 3335 Admittere
990 3299 1069 3334 ausus

164 3364 214 3397 non
237 3364 306 3409 sum,
329 3350 437 3401 lomense
456 3353 561 3413 iniuria,
577 3351 756 3404 hrtnocerotem
772 3353 898 3404 [Istonion
914 3352 1032 3402 Hrodwn
1047 3359 1070 3401 et
1105 3335 1109 3431 Ι

164 3418 291 3473 directions
311 3419 348 3467 sic
368 3420 480 3469 enimin
501 3422 652 3471 Memmiano
670 3423 776 3486 aliisque
798 3423 868 3473 libris
889 3422 1012 3488 scriptum
1030 3436 1069 3471 re·
1104 3450 1109 3466 ι

165 3485 242 3548 perio,
259 3485 302 3548 qui
319 3486 395 3535 iidem
409 3490 530 3540 rhetorem
544 3489 651 3540 Rhenum
666 3491 811 3541 Rhodanum
825 3492 898 3542 solito
912 3505 982 3540 more
996 3504 1068 3554 prae·
1104 3484 1107 3555 Ι

1016 3668 1019 3674 ’
1103 3642 1107 3757 l

1103 3764 1108 3889 l
