2256 3930
176 250 241 298 VIII
516 247 722 296 PRAEFATIO.

174 395 333 484 φιλόλογον
346 414 444 482 puts,
455 414 481 469 6·
500 414 601 477 303,15
613 405 722 465 Graeci.
747 405 846 462 libros
862 422 916 462 non
934 414 1005 464 ante
1025 425 1075 480 qua

175 493 361 564 dragesimam
376 492 474 549 aetatis
490 507 588 547 annum
605 489 707 559 edidit,
722 489 773 545 sed
784 489 884 545 dudum
896 491 1037 548 scribere
1052 494 1075 548 in

175 575 305 633 stituerat
329 577 443 633 libellos
466 575 598 647 quosdam
619 591 635 630 a
657 572 746 629 Plinio
768 573 913 629 admodum
938 575 1075 632 desidera

176 666 235 724 tos;
252 660 298 731 qui
315 660 454 716 fuerintne
469 659 505 715 de
518 657 592 712 Viris
606 656 762 713 illustribus
777 673 811 712 an
821 657 868 712 alii
882 671 937 712 non
951 658 1075 716 decerna

176 749 254 798 certe
269 744 304 799 de
319 744 376 800 ulta
393 741 541 800 (laesarum
557 741 698 811 aliquanto
714 746 778 811 post
792 739 888 795 edidit.

237 825 325 883 Plinio
350 833 458 883 mortuo
479 824 655 895 Tranquillus
680 824 715 880 ad
736 821 766 878 G.
794 822 960 896 Septicii
987 824 1075 883 Clar

176 909 324 967 amicitiam
339 916 421 983 atque
437 909 530 966 oiilcia
545 906 666 977 transiit,
682 906 727 963 oui
742 905 913 978 iampridem
927 913 959 962 ut
976 909 1075 966 amicis

175 992 246 1050 simo
267 994 348 1050 Plinii
373 1009 455 1050 curus
476 1009 541 1048 osse
558 991 662 1046 debuit.
707 990 734 1046 ls
758 1005 829 1046 anno
848 996 899 1051 119
921 992 1075 1062 praefecta

175 1077 318 1150 praetorio
345 1077 434 1133 iactus
455 1074 642 1145 Tranquillum
665 1073 704 1129 ita
724 1073 892 1146 promeritus
913 1080 977 1145 est,
1000 1083 1036 1131 ut
1060 1077 1075 1133 d

175 1161 233 1217 vita
249 1159 399 1217 caesarum
420 1159 510 1215 libros
527 1157 591 1214 vlll
612 1158 639 1212 ci
654 1157 776 1213 mitteret
795 1174 822 1228 p.
838 1162 906 1228 286,
921 1163 957 1222 3;
982 1160 1075 1233 quipp

178 1242 303 1316 Septicio
333 1242 452 1299 maxime
480 1241 673 1322 intercedente
698 1241 800 1297 iactum
829 1257 894 1296 esse
916 1241 1041 1299 uidetur
1066 1261 1075 1300 n

178 1327 419 1399 epistularum
433 1324 832 1397 magisteriumsimulque
847 1325 1075 1383 nonmediocrei

177 1411 287 1482 gratiae
301 1410 393 1466 locum
409 1411 481 1482 apud
496 1407 663 1465 lladrianum
679 1407 834 1480 principem
848 1425 876 1480 p.
893 1413 944 1476 40,
960 1413 997 1465 22
1019 1411 1075 1467 obli

178 1500 275 1563 neret,
297 1494 369 1549 unde
391 1510 456 1549 mox
477 1510 530 1548 una
554 1508 614 1547 cum
634 1492 723 1547 amico
744 1486 870 1546 deiectus
891 1496 944 1545 est.
992 1492 1075 1550 Beier

178 1576 250 1632 enim
263 1575 426 1648 Spartianus
441 1593 501 1648 cap.
516 1583 558 1645 11,
572 1575 739 1631 Hadrianum
755 1574 934 1643 eBritaunia,
951 1575 1001 1630 ubi
1020 1594 1075 1632 ann

178 1665 227 1717 111
244 1676 321 1716 muro
335 1677 386 1732 per
397 1660 492 1718 LXXX
509 1659 584 1714 milia
598 1674 727 1730 passuum
743 1657 870 1713 ducendo
885 1656 1013 1714 intentus
1032 1661 1075 1716 iue

178 1743 230 1811 rit,
254 1743 381 1815 Septicio
397 1742 479 1799 Claro
494 1742 640 1814 praelecto
654 1740 789 1813 praetorii
804 1747 832 1795 et
846 1740 984 1797 Suetonio
1003 1743 1075 1800 Tran

178 1826 267 1896 quillo
289 1826 468 1898 epistularum
494 1825 628 1895 magistro
651 1823 799 1893 multisque
825 1823 905 1892 aliis,
925 1839 1000 1894 quos
1018 1844 1075 1899 apu

178 1909 309 1965 Sabinam
331 1925 447 1964 uxorem
469 1909 576 1964 iniussu
596 1923 647 1963 suo
669 1906 833 1962 familiarius
853 1923 884 1961 se
907 1912 974 1961 tunc
992 1911 1075 1980 egiss

179 1998 348 2062 cognosset,
374 2009 455 2063 quam
481 1991 639 2047 reverentia
659 1991 756 2046 domus
782 1989 889 2044 aulicae
918 1993 1075 2060 postulare*

177 2092 358 2132 successores
375 2075 497 2132 dedisse.
542 2075 681 2130 llorosam
700 2072 817 2128 enimet
837 2089 966 2144 asperam
989 2077 1075 2131 mulia

177 2175 236 2214 rem
252 2174 383 2231 perosus,
399 2159 463 2231 quia
476 2158 615 2215 dimittere
630 2155 759 2230 principe
774 2173 805 2211 se
819 2171 874 2212 uon
889 2156 959 2212 satis
975 2158 1075 2228 dignm

177 2242 370 2312 existimabat,
395 2249 424 2298 et
445 2243 519 2299 omni
545 2248 740 2297 extraneorum
758 2246 840 2295 coetu
865 2239 1014 2311 prohibuit
1041 2257 1075 2298 ne

177 2331 267 2381 tamen
284 2325 441 2397 despicatui
457 2341 520 2380 esse
537 2324 636 2379 aulicis
655 2338 755 2395 passus
771 2329 823 2381 est.
863 2321 1018 2380 Suetonius
1037 2342 1073 2397 qu

176 2414 303 2480 tempore
317 2409 389 2463 hano
400 2408 579 2463 acerbitatem
592 2405 729 2479 principis
745 2412 878 2478 expertus
893 2411 937 2461 est
951 2407 1075 2480 quinqua

177 2489 309 2562 genarius
336 2490 406 2560 luit,
435 2490 566 2561 vitaeque
589 2490 663 2562 quod
689 2488 742 2544 ruit
768 2490 905 2561 reliquum
930 2489 1075 2548 litterarui

176 2573 270 2630 studio
286 2573 557 2646 oonsoribendisque
573 2573 654 2629 libris
671 2571 784 2628 dedisse
800 2573 919 2630 videtur.

237 2655 422 2713 Nouissimam
437 2657 495 2714 vivi
510 2658 677 2713 mentionem
688 2656 789 2711 iactam
804 2657 889 2714 video
902 2673 917 2712 a
929 2657 965 2714 ll.
977 2659 1074 2716 Fron

176 2746 260 2796 tone
276 2739 304 2794 in
324 2740 444 2811 epistula
459 2741 494 2796 ad
506 2741 540 2795 li.
553 2740 697 2796 Aurelium
714 2741 919 2796 adulescentem
935 2741 1014 2813 data,
1033 2743 1075 2800 edi

177 2823 263 2879 tionis
275 2823 493 2880 llediolanensis
509 2842 535 2896 p.
549 2832 610 2884 103.
627 2825 764 2879 Romanae
779 2828 880 2896 p.174,
895 2825 1075 2883 Berolincnsi

177 2925 204 2980 p.
223 2912 264 2966 16.
301 2906 366 2962 Eam
386 2908 533 2978 epistulam
546 2907 695 2980 postremis
710 2908 841 2963 Hadriani
859 2907 937 2962 annis
955 2910 1075 2981 scriptur

180 2991 277 3047 statuit
294 2989 474 3060 NiebuhriuS,
491 2992 611 3047 fortasse
626 2992 730 3046 rectius
747 2990 843 3062 primis
858 2991 898 3044 Pii
914 2994 1075 3063 temporibu

180 3073 334 3130 tribuisset.
379 3074 440 3128 Fuit
456 3075 566 3146 quidem
583 3075 685 3130 vetusti
707 3075 814 3129 codicis
830 3074 931 3145 pagina
948 3073 999 3131 illa
1020 3079 1075 3133 ade

181 3158 359 3228 oblitterata,
374 3164 404 3212 ut
418 3175 507 3230 pauca
522 3159 580 3229 legi
596 3158 738 3230 potuerint
753 3175 840 3227 eaque
856 3173 951 3229 parum
967 3158 1048 3215 inter
1063 3178 1075 3216 s

181 3242 370 3296 cohaerentia.
414 3243 517 3297 Verum
535 3260 594 3297 eum
611 3242 696 3296 verba
716 3247 814 3312 reputo
836 3235 1029 3311 *Tranquilli
1050 3247 1075 3298 in

180 3325 316 3386 ductrice,
337 3327 385 3396 qui
396 3328 451 3379 nisi
462 3328 547 3380 sciret
558 3331 658 3396 quanto
676 3338 760 3394 opere
774 3338 816 3378 me
831 3325 973 3395 dilueret,
994 3329 1075 3382 colun

182 3409 282 3461 turtum
300 3407 351 3460 lnoc
368 3413 501 3479 nepotium
515 3410 567 3464 cibi
578 3424 725 3478 numquam
739 3410 902 3478 expetisset,
918 3407 1044 3481 itemque
1061 3428 1075 3465 e

181 3505 253 3561 quae
270 3491 441 3561 praecedunt
454 3491 562 3548 Invenit
578 3497 666 3545 cutem
681 3504 724 3544 me
740 3491 933 3563 Tranquillus,
955 3508 1020 3548 cum
1034 3493 1075 3565 sn
