2286 3944
103 187 165 248 226
182 198 210 245 c.
228 195 377 245 sunuonr
393 195 521 255 resno.
538 195 585 242 ou
601 194 685 243 rura
705 194 897 244 consenum
910 199 983 247 um.
994 200 1064 247 vur.

103 353 202 412 tiliam.
236 351 328 412 Uxori
343 368 379 409 ac
398 351 474 410 tiliae
490 358 641 429 superstes
656 350 724 427 fuit,
740 359 828 428 atque
846 360 1001 430 utramque
1017 354 1099 413 adhuc

100 437 233 514 privatus
250 434 352 493 amisit.
387 433 457 493 Post
472 434 572 493 uxoris
588 450 742 493 excessum
761 431 943 512 Caenidem,
967 437 1097 497 Antoniae

101 517 235 583 libertam
248 528 276 577 et
288 536 304 577 a
317 535 412 594 manu,
431 517 565 577 dilectam
577 517 720 596 quondam
734 517 789 576 sibi
801 522 960 579 revocavit
972 522 1000 579 in
1013 530 1097 581 contu·

103 603 250 678 bernium,
264 601 419 680 habuitque
432 603 516 661 etiam
528 603 685 679 imperator
698 619 793 680 paene
807 603 902 662 iustae
916 605 1018 664 uxoris
1030 605 1097 665 loco.

72 704 89 751 4
164 685 286 748 Claudio
307 687 438 764 principe
454 684 584 745 Narcissi
599 686 692 762 gratia
707 685 822 762 legatus
840 686 973 763 legionis
994 691 1022 747 in
1037 689 1114 749 Ger-r

104 772 226 831 maniam
242 771 346 829 missus
362 778 421 837 est;
439 768 529 828 inde
520 788 548 828 m
559 768 733 828 Britanniam
745 769 915 847 translatus,
933 773 1034 831 tricies
1046 791 1098 832 cun

105 857 191 916 hoste
214 855 352 914 condixit
391 853 470 912 Duas
492 852 682 912 validissimas
702 862 807 930 gentes
831 871 986 934 superque
1009 858 1134 933 viginti!

108 938 216 1019 oppida
233 948 262 997 et
275 937 393 996 insulam
408 938 531 996 Vectem
549 937 709 997 Britanniae
725 939 887 1014 proximam
911 939 942 996 in
967 939 1099 1000 dicionem

108 1023 238 1099 redegit,
255 1023 358 1100 partim
374 1020 441 1080 Auli
458 1020 549 1080 Plauti
571 1021 661 1096 legati
682 1020 843 1080 consularis
867 1025 974 1099 partim
997 1022 1098 1083 Claudii

107 1110 199 1187 ipsius
216 1106 312 1165 ductu.
343 1106 438 1180 Quare
454 1103 636 1183 triumphalia
649 1113 815 1164 ornamenta
830 1113 859 1164 et
883 1106 913 1164 in
938 1106 1024 1166 brevi
1042 1126 1097 1186 spa·

107 1193 147 1252 tio
163 1189 272 1268 duplex
285 1188 479 1248 sacerdotium
493 1188 618 1266 accepit,
638 1196 790 1266 praeterea
808 1188 1007 1268 consulatum,
1026 1210 1099 1270 quen

108 1277 203 1353 gessit
224 1291 277 1351 per
301 1271 373 1331 duos
395 1273 571 1332 novissimos
591 1271 656 1331 anui
676 1290 802 1332 menses.
846 1273 975 1334 Medium
994 1284 1100 1353 tempus

107 1359 142 1418 ad
159 1355 395 1436 proconsulatum
410 1359 544 1433 usquein
557 1357 617 1415 otio
632 1373 811 1434 secessuque
824 1358 894 1433 egit,
912 1357 1099 1438 Agrippinam

107 1444 210 1501 timens
233 1447 379 1517 potentem
404 1438 497 1499 adhuc
513 1440 589 1518 apud
604 1439 692 1498 lilium
708 1449 736 1498 et
752 1439 879 1500 defuncti
898 1459 1022 1521 quoque
1037 1443 1098 1502 Nar·

108 1525 175 1584 cissi
191 1523 274 1581 amici
289 1540 435 1599 perosam.

167 1606 251 1666 Exim
270 1607 389 1665 sortitus
405 1606 550 1683 Africam,
575 1608 762 1685 integerrime
780 1627 835 1668 nec
851 1609 912 1668 sine
936 1628 1044 1686 magna
1066 1609 1098 1668 di·

107 1692 244 1769 gnatione
260 1689 477 1768 administravit,
493 1692 547 1750 nisi
562 1693 638 1769 quod
649 1691 816 1752 Hadrumeti
827 1692 973 1753 seditione
987 1693 1099 1772 quadan

107 1794 179 1854 rapa
196 1777 223 1833 in
247 1793 311 1833 eum
333 1775 408 1834 iacta
431 1784 504 1834 sunt.
542 1775 638 1836 Rediit
656 1785 737 1836 certe
758 1775 846 1836 nihilo
869 1777 1057 1855 opulentior
1076 1785 1100 1835 ut

109 1861 166 1940 qui,
181 1876 276 1939 prope
292 1857 466 1918 labefactata
482 1859 538 1918 iam
554 1859 621 1936 fide,
640 1861 733 1920 omnia
749 1859 867 1938 praedia
888 1862 972 1920 fratri
994 1860 1100 1938 obliga-

109 1947 146 2005 rit
161 1944 388 2021 necessarioque
407 1942 442 2002 ad
457 1945 646 2020 mangonicos
659 1952 796 2023 quaestus
811 1945 999 2006 sustinendae
1014 1945 1099 2023 digni·

109 2030 176 2090 tatis
193 2047 279 2089 causa
297 2026 496 2096 descenderit;
513 2036 636 2105 propter
652 2027 729 2106 quod
744 2027 832 2105 vulgo
848 2028 965 2089 mulio
980 2030 1101 2089 rocaba·

109 2123 164 2174 tur.
200 2111 356 2173 Convictus
374 2129 490 2190 quoque
505 2110 609 2170 dicitur
624 2111 747 2171 ducenta
765 2113 899 2172 sestertia
916 2115 1102 2192 expressisse

109 2198 214 2273 iuveni,
232 2198 277 2255 cui
297 2197 384 2255 latum
408 2195 520 2254 clavum
541 2194 682 2255 adversus
704 2197 795 2273 patris
815 2196 1026 2256 voluntatem
1016 2216 1139 2276 impe.

110 2289 209 2356 trarat‚
226 2298 321 2358 eoque
336 2280 450 2338 nomine
467 2279 597 2355 graviter
612 2281 779 2357 increpitus.

172 2363 411 2439 Peregrinatione
427 2362 555 2422 Achaica
571 2364 646 2422 inter
663 2363 784 2422 comites
798 2362 938 2440 Neronis,
957 2384 1023 2425 eum
1040 2385 1102 2426 can·

109 2455 187 2505 tante
204 2464 239 2504 eo
259 2456 306 2505 aut
320 2445 486 2505 discederet
500 2447 617 2525 saepius
636 2457 682 2507 aut
698 2465 839 2525 praesens
862 2448 1105 2527 obdormisceret

109 2529 308 2608 gravissimam
322 2531 465 2589 contraxit
479 2530 630 2606 offensam,
646 2530 865 2610 prohibitusque
878 2550 936 2592 nou
949 2533 1104 2594 contuber-

110 2614 158 2673 nio
173 2613 259 2671 modo
276 2611 327 2671 sed
344 2613 428 2671 etiarn
443 2613 559 2690 publica
575 2615 763 2691 salutatione,
788 2617 913 2676 secessit
932 2617 961 2675 in
986 2636 1105 2696 parvam

111 2717 145 2758 ac
161 2697 272 2757 deviam
290 2697 441 2794 civitatem,
461 2697 556 2774 quoad
577 2699 675 2758 latenti
697 2701 838 2777 etiamque
861 2710 992 2760 extrema
1015 2712 1103 2762 metu·

112 2783 169 2842 enti
184 2781 332 2859 provincia
349 2798 412 2839 curn
431 2782 561 2841 exercitu
577 2781 674 2842 oblata
690 2792 743 2842 est.

174 2864 385 2926 Percrebuerat
401 2863 518 2925 Oriente
536 2875 597 2926 toto
616 2876 697 2926 vetus
712 2875 741 2925 et
757 2875 893 2926 constans
908 2868 1021 2947 opinio,
1037 2887 1104 2928 esse

111 2952 139 3008 in
156 2950 221 3010 latis
236 2959 266 3008 ut
282 2967 317 3008 eo
333 2958 465 3028 ternpore
482 2949 587 3009 Iudaea
602 2951 728 3028 proiecti
748 2969 844 3009 rerum
868 2954 1043 3029 potirentur.
1075 2952 1105 3012 ld

111 3033 147 3093 de
162 3036 339 3111 imperatore
355 3033 497 3110 Romano,
514 3043 646 3112 quantum
664 3043 765 3112 postea
778 3043 883 3094 eventu
897 3037 1002 3113 paruit,
1021 3055 1104 3116 prae·

112 3117 217 3177 dictum
230 3117 329 3177 Iudaei
346 3117 382 3178 ad
399 3137 431 3176 se
447 3117 594 3177 trahentes
609 3118 796 3196 rebellarunt,
812 3135 959 3197 caesoque
977 3138 1093 3200 praepo

111 3201 168 3260 sito
185 3201 312 3278 legatum
329 3202 447 3280 insuper
464 3202 564 3276 Syriae
581 3203 760 3263 consularem
777 3205 926 3281 suppetias
949 3204 1139 3280 ferentem,t›·

110 3292 193 3360 rapta
212 3285 323 3362 aquila,
344 3285 528 3360 fugaverunt.
564 3286 609 3345 Ad
634 3286 709 3345 hunc
732 3295 837 3345 motum
858 3289 1106 3366 comprimendum

112 3382 173 3422 curn
191 3368 322 3426 exercitu
337 3368 477 3446 ampliore
494 3379 521 3428 et
536 3388 593 3429 non
611 3371 757 3429 instrenuo
773 3369 857 3448 duce,
875 3371 920 3430 cui
935 3380 1031 3431 tamen
1044 3383 1105 3432 tuto

107 3455 244 3506 tantares
276 3453 492 3494 intumuimus„
525 3470 597 3518 orer
617 3461 711 3514 esset.
734 3455 799 3514 inse
822 3456 1001 3533 potissimum
1025 3456 1105 3516 dele·
