2286 3944
382 224 487 272 nrvus
508 223 689 272 ennomus.
974 212 1034 275 169

29 377 212 439 coruscieutia
229 395 361 456 quoque,
378 393 434 437 uec
450 379 540 436 minus
558 377 705 438 delatores
719 379 872 438 multorum
888 379 1034 438 criminum

28 460 203 538 arguebant.

94 543 134 604 Et
150 561 265 604 veneno
281 543 395 621 quidem
412 545 540 603 occisum
563 547 712 614 convenit;
743 544 790 603 ubi
812 555 906 605 autem
929 555 959 604 et
980 564 1034 624 per

30 645 119 707 quem
132 626 214 706 dato,
232 627 388 707 discrepat.
414 627 534 702 Quidam
549 627 676 706 tradunt,
694 629 821 707 epulanti
837 631 864 689 in
884 647 952 688 arce
969 647 1033 688 cum

11 711 236 773 ssucerdotibus
264 729 318 789 per
338 711 472 771 Halotum
493 710 653 789 spadonem
679 721 945 788 praegustatorem
973 712 1032 789 alii,

31 794 194 856 domestico
219 795 353 855 convivio
374 813 428 872 per
454 797 546 874 ipsam
568 794 775 872 Agrippinam,
808 813 881 872 quae
904 794 1032 854 boletum

30 877 203 939 medicatum
223 877 387 937 avidissimo
417 877 547 937 ciborum
568 877 663 936 talium
689 877 842 956 optulerat.
881 877 975 936 Etiam
995 877 1048 936 de*

31 960 276 1039 subsequentibus
291 961 405 1021 diversa
423 961 498 1021 lama
514 970 568 1022 est.
591 961 672 1021 Multi
689 962 783 1021 statim
798 961 899 1021 hausto
916 977 1030 1020 veneno

10 1088 17 1111 .
32 1045 210 1107 obmutuisse
227 1045 317 1122 aiunt,
335 1046 588 1122 excruciatumque
606 1044 754 1104 doloribus
771 1054 858 1104 nocte
874 1053 934 1104 tota
951 1043 1031 1102 deie-

10 1130 111 1191 scisse
127 1145 221 1206 prope
240 1128 344 1187 lucem.
370 1127 508 1188 Nonnulli
523 1129 598 1208 inter
614 1129 692 1187 initia
709 1131 908 1206 consopitum,
928 1126 1032 1186 deinde

33 1211 100 1272 cibo
116 1209 253 1271 affluente
270 1213 433 1271 evomuisse
450 1213 559 1288 omnia,
576 1213 785 1289 repetitumque
804 1214 921 1287 toxico,
938 1213 1031 1269 incer·

32 1305 90 1356 tum
99 1293 210 1374 pultine
223 1293 334 1370 addito,
350 1313 413 1354 cum
426 1295 504 1354 velut
517 1294 686 1354 exhaustum
698 1295 779 1354 refici
795 1294 859 1354 cibo
871 1301 1031 1372 oporteret,

33 1397 68 1440 an
82 1378 211 1438 immisso
230 1396 283 1455 per
300 1378 445 1455 clystera,
460 1387 491 1436 ut
508 1379 590 1455 quasi
607 1377 777 1438 abundantia
792 1378 935 1438 laboranti
947 1378 1032 1436 etiam

32 1461 90 1523 boc
105 1478 218 1539 genere
233 1462 392 1538 egestionis
407 1461 713 1522 subveniretur.'llors
729 1464 791 1521 eius
803 1462 896 1522 celata
909 1470 963 1538 est,
981 1460 1029 1519 do·
1039 1469 1075 1526 45

10 1564 88 1609 suec
110 1545 188 1605 circa
207 1562 411 1605 successorem
428 1545 522 1604 omnia
546 1544 754 1605 ordinarentur.
782 1544 883 1623 ltaque
905 1554 934 1604 et
949 1545 1031 1622 quasi

32 1646 88 1710 pro
107 1645 199 1705 aegro
214 1627 307 1688 adbuc
322 1638 390 1688 vota
406 1636 542 1705 suscepta
559 1637 640 1704 sunt,
662 1638 691 1688 et
713 1628 820 1688 inducti
843 1648 897 1708 per
918 1627 1030 1687 simula-

31 1714 141 1775 tionem
150 1711 293 1788 comoedi,
311 1712 358 1790 qui
368 1711 446 1770 velut
458 1711 669 1772 desiderantem
682 1712 873 1772 oblectarent.
895 1711 1032 1771 Excessit

31 1794 133 1857 111.1u.
143 1793 246 1857 Octob.
259 1794 360 1855 Asinio
374 1794 745 1871 Marcello,AcilioAviola
755 1813 831 1855 coss.
845 1797 1030 1871 sexagesimo

33 1887 138 1959 quarto
156 1881 274 1956 aetatis,
291 1879 403 1956 imperii
418 1879 643 1957 quartodecimo
658 1897 750 1955 anno,
767 1879 974 1955 funeratusque
987 1883 1032 1935 est

10 1961 168 2027 psollenni
190 1963 350 2041 principum
364 1978 470 2041 pompa
492 1971 521 2021 et
544 1963 572 2021 iu
595 1981 743 2022 numerum
767 1962 885 2021 deorum
908 1960 1030 2025 relatus;

33 2063 120 2125 quem
135 2044 277 2106 bonorem
289 2063 305 2106 a
318 2045 438 2106 Nerone
454 2045 619 2104 destitutum
631 2045 825 2122 abolitumque
840 2045 953 2121 recepit
964 2057 1032 2100 mox

35 2148 88 2209 per
103 2129 324 2208 Vespasianum.
357 2129 512 2206 Praesagia
530 2130 630 2187 mortis
646 2130 707 2188 eius
728 2128 886 2207 praecipua
901 2127 1078 2189 fueruntzao

34 2221 155 2273 exortus
175 2213 295 2273 crinitae
315 2212 435 2287 stellae,
463 2229 547 2290 quam
564 2220 696 2271 cometen
717 2220 839 2286 vocant,
867 2218 1031 2285 tactumque

10 2288 13 2293 ’
34 2295 71 2357 de
88 2296 172 2357 caelo
187 2306 398 2356 monumentum
413 2295 499 2354 Drusi
518 2297 624 2374 patris,
647 2305 676 2355 et
691 2294 768 2374 quod
785 2294 887 2355 eodem
903 2309 977 2352 anno
995 2309 1033 2350 ex

10 2381 160 2459 'omnium
174 2381 388 2456 magistratuum
402 2396 512 2455 genere
529 2379 662 2458 plerique
678 2388 799 2438 mortem
815 2377 955 2438 obierant.
974 2373 1032 2434 Sed

33 2480 89 2523 nec
103 2465 168 2543 ipse
180 2464 333 2541 ignorasse
349 2461 602 2524 aut'dissimulasse
617 2463 713 2525 ultima
726 2464 801 2522 vitae
816 2480 885 2522 suae
900 2471 1032 2540 tempora

33 2544 162 2623 ridetur,
186 2547 296 2626 aliquot
316 2545 429 2626 quidem
452 2548 637 2622 argumentis.
670 2546 742 2607 Nam
761 2556 790 2606 et
813 2564 876 2606 cum
897 2544 1033 2605 consules

34 2629 219 2709 designaret,
238 2632 379 2689 neminem
396 2628 470 2690 ultra
489 2647 617 2688 mensem
636 2648 693 2708 quo
716 2630 787 2691 obiit
806 2629 979 2706 designavit,
1005 2634 1034 2684 et

10 2714 64 2777 tin
84 2722 201 2790 senatu,
229 2715 274 2773 cui
302 2713 459 2774 novissime
480 2713 621 2791 interluit,
649 2714 765 2774 multum
786 2713 821 2775 ad
847 2709 1034 2772 concordiam

10 2788 148 2858 'oliberos
160 2813 230 2856 suos
244 2795 421 2872 cohortatus,
435 2797 583 2874 utriusque
595 2805 717 2858 aetatem
726 2798 896 2877 suppliciter
905 2791 1033 2871 patribus

35 2879 263 2958 commendavit,
279 2889 308 2940 et
322 2881 351 2940 in
363 2881 459 2940 ultima
474 2880 640 2957 cognitione
653 2899 707 2960 pro
722 2880 855 2941 tribunali
864 2874 1035 2938 accessisse

33 2963 80 3026 ad
92 2964 186 3043 finem
204 2963 420 3039 mortalitatis,
447 2980 617 3041 quamquam
636 2962 863 3025 abominantibus
877 2961 925 3040 qui
939 2956 1033 3019 audic-

10 3036 119 3125 ⁵baut,
135 3047 228 3108 semel
243 3056 329 3127 atque
344 3048 446 3108 iterum
462 3047 665 3125 pronuntiavit.

430 3309 646 3322 -u-——nnw
