2286 3944
116 191 158 250 46
202 199 231 247 c.
245 197 394 246 suenoni
411 196 539 255 anano.
558 196 605 242 nn
617 197 701 243 vrrs
714 195 899 244 erasmum
910 195 979 242 nra.
992 195 1029 241 11.

116 373 172 434 que
192 352 373 431 complures,
396 351 475 429 prius
496 368 580 429 quam
600 348 816 410 invalescerent
839 349 944 409 indicio
970 349 1112 426 detectas,

117 439 288 516 compressit
307 436 378 495 alias
393 435 449 495 alio
465 443 613 513 tempore:
631 433 731 512 Lepidi
745 435 867 510 iuvenis,
885 432 989 493 deinde
1006 434 1112 493 Varro·

114 524 158 582 nis
171 522 308 582 biurenae
323 529 352 580 et
367 519 457 579 Fanni
474 517 647 597 Caepionis,
662 536 730 577 mox
743 517 781 578 M.
798 516 920 599 Egnati,
937 519 1005 577 exin
1020 516 1112 576 Plauti

114 607 178 666 Ruti
195 604 322 683 Lucique
340 603 420 663 Pauli
439 604 598 682 progeneri
614 603 672 678 sui,
695 620 730 661 ac
745 610 863 680 praeter
880 600 933 661 bas
948 601 980 660 L.
994 599 1112 675 Audasi,

114 690 250 751 falsarum
272 688 432 748 tabularum
451 689 495 746 rei
511 704 546 747 ac
562 705 655 764 neque
670 694 764 745 aetate
786 703 880 764 neque
897 702 1024 763 corpore
1043 685 1133 748 inte-a

115 776 174 852 gri,
192 776 260 832 item
275 772 358 831 Asini
373 770 495 849 Epicadi
513 789 551 830 ex
565 779 653 848 gente
668 768 802 829 Parthina
818 768 948 845 ibridae,
964 768 1001 828 ad
1017 777 1113 828 extre-

115 876 190 917 mum
208 854 347 933 Telephi,
367 855 495 915 mulieris
516 857 594 913 servi
617 853 871 913 nomenculatoris.
903 853 976 912 Nam
994 870 1032 911 ne
1051 853 1113 912 ulti·

115 960 179 1002 mae
196 939 309 1019 quidem
323 941 410 999 sortis
425 939 567 998 hominum
589 939 802 1015 conspiratione
818 946 847 996 et
862 936 995 1015 periculo
1012 937 1113 996 caruit.

115 1024 258 1086 Audasius
275 1033 359 1102 atque
373 1022 519 1101 Epicadus
538 1021 638 1082 Iuliam
653 1021 738 1082 liliam
754 1029 783 1081 et
799 1020 961 1099 Agrippam
976 1029 1114 1098 nepotem

116 1129 154 1170 cx
170 1108 284 1184 insulis,
302 1105 404 1184 quibus
420 1105 653 1182 continebantur,
674 1122 779 1184 rapere
798 1105 833 1165 ad
849 1106 1010 1180 exercitus,
1028 1103 1112 1164 'lele-
1123 1113 1142 1156 10

116 1193 190 1273 phus
208 1193 289 1270 quasi
306 1189 403 1250 debita
418 1189 473 1250 sibi
489 1189 549 1249 fato
566 1189 757 1249 dominatione
777 1198 806 1247 et
827 1191 919 1267 ipsum
936 1196 965 1247 et
982 1194 1113 1247 senatum

117 1275 237 1354 adgredi
258 1275 442 1334 destinarant.
481 1273 554 1347 Quin
576 1276 660 1333 etiam
682 1273 823 1352 quondam
847 1275 924 1333 iuxta
952 1271 1114 1331 cubiculum

116 1363 177 1421 cius
199 1359 257 1418 lixa
279 1357 390 1436 quidam
411 1375 448 1416 ex
469 1356 588 1433 illyrico
609 1359 756 1433 exercitu,
780 1356 948 1416 ianitoribus
971 1355 1114 1433 deceptis,

115 1452 201 1502 noctu
227 1441 427 1519 deprehensus
457 1449 501 1500 est
528 1441 621 1501 cultro
650 1443 798 1501 venatorio
826 1442 951 1516 cinctus,
981 1442 1113 1518 imposne

114 1527 217 1586 mentis
239 1544 274 1585 an
294 1525 425 1585 simulata
446 1524 603 1602 dementia,
624 1527 778 1594 incertum;
803 1523 872 1584 nihil
892 1525 966 1583 enim
989 1524 1129 1602 exprimir

115 1611 284 1689 quaestione
300 1610 402 1686 potuit.

73 1703 108 1756 20
176 1692 306 1752 Externa
326 1692 405 1753 bella
426 1693 481 1752 duo
507 1694 621 1752 omnino
647 1710 701 1771 per
723 1710 756 1752 se
784 1694 893 1770 gessit,
921 1691 1113 1751 Delmaticum

115 1777 286 1838 adulescens
303 1776 412 1854 adhuc,
429 1785 458 1836 et
478 1775 605 1836 Antonio
625 1776 740 1836 devicto
757 1775 968 1837 Cantabricum.
997 1774 1112 1834 Delma·

114 1863 172 1920 tico
193 1862 278 1919 etiam
300 1860 420 1921 vulnera
441 1862 574 1939 excepit,
596 1878 651 1920 una
673 1863 736 1920 acie
764 1860 894 1920 dextrum
914 1877 992 1937 genu
1015 1857 1112 1937 lapide

115 1947 204 2020 ictus,
224 1943 315 2005 altera
332 1953 361 2003 et
377 1963 443 2004 crus
457 1953 487 2004 et
502 1954 652 2023 utrumqne
670 1943 818 2004 brachium
832 1946 913 2003 ruina
929 1945 1026 2022 pontis
1043 1961 1110 2002 oon·
1121 1965 1139 2001 a»

116 2029 269 2089 sauciatus.
305 2027 430 2108 Reliqua
450 2047 505 2108 per
520 2029 636 2106 legatos
652 2028 873 2104 administravit,
895 2036 926 2086 nt
941 2037 1036 2087 tamen
1047 2028 1112 2105 qui-

115 2111 235 2172 busdam
264 2111 437 2172 Pannonicis
465 2122 550 2193 atque
572 2111 750 2173 Germanicis
779 2121 826 2171 aut
852 2113 1043 2171 interveniret
1068 2117 1114 2168 aut

115 2214 172 2256 non
188 2196 278 2273 longe
294 2196 426 2273 abesset,
442 2198 609 2257 Ravennam
624 2195 880 2258 velillediolanium
895 2193 1113 2273 velAquileiam

73 2283 206 2359 alusque
222 2279 258 2340 ab
274 2280 346 2340 urbe
362 2282 565 2358 progrediens.
592 2281 707 2340 Domuit
722 2288 814 2340 autem
827 2281 930 2358 partim
944 2278 1031 2338 ductu
1046 2295 1112 2355 par·

115 2366 164 2424 tim
181 2366 318 2440 auspiciis
332 2366 390 2423 suis
407 2363 603 2440 Cantabriam,
618 2363 814 2442 Aquitaniam,
837 2363 1027 2438 Pannoniam,
1042 2360 1111 2420 Del·
1121 2383 1142 2422 a

113 2449 227 2506 matiam
249 2464 312 2504 cum
332 2446 451 2520 illyrico
474 2448 567 2524 omni,
590 2450 657 2506 item
678 2449 809 2508 Raetiam
833 2457 863 2506 et
886 2445 1056 2508 Vindelicos
1078 2461 1112 2504 ac

115 2529 265 2604 Salassos,
281 2538 387 2605 gentes
403 2528 559 2608 Inalpinas.
599 2528 736 2591 Coercuit
756 2540 786 2590 et
807 2530 951 2591 Dacorum
971 2530 1111 2588 incursio·

113 2630 182 2688 nes,
198 2611 289 2672 tribus
310 2629 408 2671 eorum
424 2612 543 2672 ducibus
566 2632 630 2674 cunr
646 2632 752 2691 magna
764 2617 850 2694 copia
865 2617 977 2690 caesis,
994 2611 1111 2674 Germa·

114 2714 226 2775 nosque
243 2695 315 2755 ultra
329 2695 426 2756 Albim
441 2696 556 2757 ilrrvium
571 2700 739 2774 summovit,
762 2717 800 2759 cx
822 2699 924 2777 quibus
945 2695 1061 2758 Suebos
1084 2704 1113 2754 et

115 2779 283 2858 Sigambros
299 2779 431 2839 dedentis
446 2799 478 2840 se
499 2781 623 2841 traduxit
638 2784 665 2840 in
682 2781 803 2842 Galliam
818 2793 903 2862 atque
922 2784 952 2841 in
970 2781 1112 2859 proximis
1122 2796 1139 2835 a

112 2863 215 2924 Rheno
240 2865 318 2939 agris
341 2863 515 2924 conlocarit.
551 2865 633 2925 Alias
655 2867 723 2925 item
743 2869 874 2927 nationes
903 2865 978 2925 male
1000 2865 1113 2944 quietas

114 2946 150 3007 ad
170 2946 338 3023 obsequium
366 2947 491 3025 redegit.
523 2948 586 3009 Nec
607 2949 659 3009 ulli
674 2951 754 3027 genti
781 2952 842 3011 sine
858 2951 941 3009 iustis
959 2958 989 3008 et
1008 2966 1113 3007 neces·

114 3031 197 3089 sariis
212 3031 306 3089 causis
324 3030 432 3091 bellum
448 3033 556 3110 intulit,
572 3042 736 3113 tantumque
752 3034 821 3094 aluit
833 3053 849 3094 a
862 3032 1018 3112 cupiditate
1042 3048 1113 3110 quo·

113 3129 170 3191 quo
192 3112 277 3172 modo
298 3115 447 3193 imperium
469 3117 517 3177 vel
541 3117 676 3178 bellicam
694 3117 817 3194 gloriam
833 3117 974 3195 augendi,
996 3123 1027 3175 ut
1043 3132 1113 3193 quo·

112 3193 231 3255 rundam
252 3197 441 3259 barbarorum
465 3203 612 3280 principes
632 3203 661 3261 in
682 3201 753 3261 aede
771 3202 871 3262 llartis
885 3200 997 3263 Ultoris
1015 3201 1114 3258 iurare
1138 3219 1143 3230 ⁴

113 3282 246 3355 coegerit
265 3301 415 3343 nransuros
436 3287 511 3345 sein
528 3285 583 3345 lide
602 3303 636 3345 ao
652 3303 725 3364 pace
744 3303 827 3363 quam
841 3292 994 3363 peterent,
1020 3300 1037 3343 a
1053 3283 1114 3361 qui·

112 3360 231 3421 busdam
253 3384 325 3425 vero
348 3385 452 3426 novum
474 3386 567 3444 genus
582 3368 726 3444 obsidum,
742 3368 879 3444 feminas,
902 3370 1025 3446 exigere
1042 3375 1114 3425 tem-

113 3448 249 3524 ptaverit,
266 3449 342 3526 quod
358 3452 521 3528 neglegere
535 3469 642 3510 marum
657 3454 778 3529 pignera
796 3451 949 3521 sentiebat:
969 3459 999 3512 et
1016 3459 1115 3510 tamen
