<?xml version="1.0" encoding="UTF-8"?>
<!DOCTYPE html PUBLIC "-//W3C//DTD XHTML 1.0 Transitional//EN"
    "http://www.w3.org/TR/xhtml1/DTD/xhtml1-transitional.dtd">
<html xmlns="http://www.w3.org/1999/xhtml" xml:lang="en" lang="en">
 <head>
  <title>
</title>
<meta http-equiv="Content-Type" content="text/html;charset=utf-8" />
  <meta name='ocr-system' content='tesseract 3.04.00' />
  <meta name='ocr-capabilities' content='ocr_page ocr_carea ocr_par ocr_line ocrx_word'/>
</head>
<body>
  <div class='ocr_page' id='page_1' title='image "./csuetonitranqui01suetgoog_0175.png"; bbox 0 0 2256 3930; ppageno 0'>
   <div class='ocr_carea' id='block_1_1' title="bbox 104 351 1036 426">
    <p class='ocr_par' dir='ltr' id='par_1_1' title="bbox 104 351 1036 426">
     <span class='ocr_line' id='line_1_1' title="bbox 104 351 1036 426; baseline 0.005 -15"><span class='ocrx_word' id='word_1_1' title='bbox 104 351 144 411; x_wconf 82' lang='grc'><strong>66</strong></span> <span class='ocrx_word' id='word_1_2' title='bbox 189 364 217 412; x_wconf 91' lang='lat' dir='ltr'><strong>c.</strong></span> <span class='ocrx_word' id='word_1_3' title='bbox 233 364 383 413; x_wconf 84' lang='lat' dir='ltr'><strong>suurour</strong></span> <span class='ocrx_word' id='word_1_4' title='bbox 399 367 527 426; x_wconf 79' lang='lat' dir='ltr'><strong>ranno.</strong></span> <span class='ocrx_word' id='word_1_5' title='bbox 547 368 595 415; x_wconf 83' lang='lat' dir='ltr'><strong>os</strong></span> <span class='ocrx_word' id='word_1_6' title='bbox 609 368 692 416; x_wconf 79' lang='lat' dir='ltr'><strong>vura</strong></span> <span class='ocrx_word' id='word_1_7' title='bbox 708 370 894 418; x_wconf 69' lang='lat' dir='ltr'><strong>cfflsnaou</strong></span> <span class='ocrx_word' id='word_1_8' title='bbox 910 369 981 415; x_wconf 80' lang='lat' dir='ltr'><strong>nm.</strong></span> <span class='ocrx_word' id='word_1_9' title='bbox 998 368 1036 416; x_wconf 90' lang='lat' dir='ltr'><strong>n.</strong></span> 
     </span>
    </p>
   </div>
   <div class='ocr_carea' id='block_1_2' title="bbox 63 519 1128 3702">
    <p class='ocr_par' dir='ltr' id='par_1_2' title="bbox 103 519 1127 1352">
     <span class='ocr_line' id='line_1_2' title="bbox 104 519 1106 601; baseline 0.004 -25"><span class='ocrx_word' id='word_1_10' title='bbox 104 526 210 577; x_wconf 89' lang='lat' dir='ltr'><strong>tantum</strong></span> <span class='ocrx_word' id='word_1_11' title='bbox 239 519 316 596; x_wconf 93' lang='lat' dir='ltr'><strong>quod</strong></span> <span class='ocrx_word' id='word_1_12' title='bbox 342 522 491 597; x_wconf 86' lang='lat' dir='ltr'><strong>pueritiam</strong></span> <span class='ocrx_word' id='word_1_13' title='bbox 517 540 657 600; x_wconf 86' lang='lat' dir='ltr'><strong>egresso,</strong></span> <span class='ocrx_word' id='word_1_14' title='bbox 691 523 808 601; x_wconf 87' lang='lat' dir='ltr'><strong>deindo,</strong></span> <span class='ocrx_word' id='word_1_15' title='bbox 843 533 873 583; x_wconf 92' lang='lat' dir='ltr'><strong>ut</strong></span> <span class='ocrx_word' id='word_1_16' title='bbox 897 526 923 583; x_wconf 89' lang='lat' dir='ltr'><strong>is</strong></span> <span class='ocrx_word' id='word_1_17' title='bbox 949 522 1039 600; x_wconf 91' lang='lat' dir='ltr'><strong>obiit,</strong></span> <span class='ocrx_word' id='word_1_18' title='bbox 1070 523 1106 583; x_wconf 91' lang='lat' dir='ltr'><strong>bl.</strong></span> 
     </span>
     <span class='ocr_line' id='line_1_3' title="bbox 103 601 1107 685; baseline 0.003 -23"><span class='ocrx_word' id='word_1_19' title='bbox 103 601 255 680; x_wconf 82' lang='lat' dir='ltr'><strong>Agrippae</strong></span> <span class='ocrx_word' id='word_1_20' title='bbox 271 611 388 681; x_wconf 93' lang='lat' dir='ltr'><strong>nuptum</strong></span> <span class='ocrx_word' id='word_1_21' title='bbox 404 604 490 682; x_wconf 77' lang='lat' dir='ltr'><strong>dedit,</strong></span> <span class='ocrx_word' id='word_1_22' title='bbox 507 616 626 666; x_wconf 82' lang='lat' dir='ltr'><strong>exorata</strong></span> <span class='ocrx_word' id='word_1_23' title='bbox 643 624 757 684; x_wconf 90' lang='lat' dir='ltr'><strong>sorore,</strong></span> <span class='ocrx_word' id='word_1_24' title='bbox 776 616 806 666; x_wconf 93' lang='lat' dir='ltr'><strong>ut</strong></span> <span class='ocrx_word' id='word_1_25' title='bbox 820 607 874 666; x_wconf 89' lang='lat' dir='ltr'><strong>sibi</strong></span> <span class='ocrx_word' id='word_1_26' title='bbox 889 624 1006 685; x_wconf 87' lang='lat' dir='ltr'><strong>genero</strong></span> <span class='ocrx_word' id='word_1_27' title='bbox 1022 606 1107 666; x_wconf 88' lang='lat' dir='ltr'><strong>ocde-</strong></span> 
     </span>
     <span class='ocr_line' id='line_1_4' title="bbox 104 687 1107 768; baseline 0.005 -23"><span class='ocrx_word' id='word_1_28' title='bbox 104 695 163 753; x_wconf 89' lang='lat' dir='ltr'><strong>ret;</strong></span> <span class='ocrx_word' id='word_1_29' title='bbox 187 704 250 745; x_wconf 91' lang='lat' dir='ltr'><strong>nam</strong></span> <span class='ocrx_word' id='word_1_30' title='bbox 271 696 338 744; x_wconf 89' lang='lat' dir='ltr'><strong>tunc</strong></span> <span class='ocrx_word' id='word_1_31' title='bbox 354 687 486 768; x_wconf 81' lang='lat' dir='ltr'>Agrippa</span> <span class='ocrx_word' id='word_1_32' title='bbox 509 689 627 749; x_wconf 87' lang='lat' dir='ltr'><strong>alteram</strong></span> <span class='ocrx_word' id='word_1_33' title='bbox 648 691 850 752; x_wconf 88' lang='lat' dir='ltr'><strong>llarcellarum</strong></span> <span class='ocrx_word' id='word_1_34' title='bbox 871 690 1000 750; x_wconf 89' lang='lat' dir='ltr'><strong>habebat</strong></span> <span class='ocrx_word' id='word_1_35' title='bbox 1021 699 1052 749; x_wconf 92' lang='lat' dir='ltr'><strong>et</strong></span> <span class='ocrx_word' id='word_1_36' title='bbox 1073 709 1107 750; x_wconf 88' lang='lat' dir='ltr'><strong>ex</strong></span> 
     </span>
     <span class='ocr_line' id='line_1_5' title="bbox 105 769 1107 851; baseline 0.004 -22"><span class='ocrx_word' id='word_1_37' title='bbox 105 788 139 829; x_wconf 90' lang='lat' dir='ltr'><strong>ea</strong></span> <span class='ocrx_word' id='word_1_38' title='bbox 161 769 280 828; x_wconf 90' lang='lat' dir='ltr'><strong>liberos.</strong></span> <span class='ocrx_word' id='word_1_39' title='bbox 305 770 369 830; x_wconf 92' lang='lat' dir='ltr'><strong>Hoc</strong></span> <span class='ocrx_word' id='word_1_40' title='bbox 389 790 504 851; x_wconf 90' lang='lat' dir='ltr'><strong>quoque</strong></span> <span class='ocrx_word' id='word_1_41' title='bbox 526 773 678 851; x_wconf 86' lang='lat' dir='ltr'><strong>defuncto,</strong></span> <span class='ocrx_word' id='word_1_42' title='bbox 701 775 796 834; x_wconf 87' lang='lat' dir='ltr'><strong>multis</strong></span> <span class='ocrx_word' id='word_1_43' title='bbox 817 793 853 835; x_wconf 87' lang='lat' dir='ltr'><strong>ac</strong></span> <span class='ocrx_word' id='word_1_44' title='bbox 873 773 937 851; x_wconf 91' lang='lat' dir='ltr'><strong>diu,</strong></span> <span class='ocrx_word' id='word_1_45' title='bbox 960 776 1049 834; x_wconf 90' lang='lat' dir='ltr'><strong>etiam</strong></span> <span class='ocrx_word' id='word_1_46' title='bbox 1073 792 1107 833; x_wconf 81' lang='lat' dir='ltr'><strong>cn</strong></span> 
     </span>
     <span class='ocr_line' id='line_1_6' title="bbox 105 854 1127 936; baseline 0.001 -23"><span class='ocrx_word' id='word_1_47' title='bbox 105 856 232 932; x_wconf 85' lang='lat' dir='ltr'><strong>equestri</strong></span> <span class='ocrx_word' id='word_1_48' title='bbox 250 854 365 930; x_wconf 82' lang='lat' dir='ltr'>ordine,</span> <span class='ocrx_word' id='word_1_49' title='bbox 389 857 609 934; x_wconf 80' lang='lat' dir='ltr'><strong>circumspectis</strong></span> <span class='ocrx_word' id='word_1_50' title='bbox 626 858 862 936; x_wconf 81' lang='lat' dir='ltr'><strong>condicionibus,</strong></span> <span class='ocrx_word' id='word_1_51' title='bbox 885 857 1036 918; x_wconf 87' lang='lat' dir='ltr'><strong>&#39;liberium</strong></span> <span class='ocrx_word' id='word_1_52' title='bbox 1053 860 1105 936; x_wconf 94' lang='lat' dir='ltr'><strong>pri·</strong></span> <span class='ocrx_word' id='word_1_53' title='bbox 1113 874 1127 914; x_wconf 84' lang='lat' dir='ltr'><strong>s·</strong></span> 
     </span>
     <span class='ocr_line' id='line_1_7' title="bbox 104 939 1106 1019; baseline 0.005 -24"><span class='ocrx_word' id='word_1_54' title='bbox 104 939 221 1015; x_wconf 90' lang='lat' dir='ltr'><strong>vignum</strong></span> <span class='ocrx_word' id='word_1_55' title='bbox 242 958 322 997; x_wconf 92' lang='lat' dir='ltr'><strong>suum</strong></span> <span class='ocrx_word' id='word_1_56' title='bbox 343 939 434 1015; x_wconf 90' lang='lat' dir='ltr'><strong>elegit</strong></span> <span class='ocrx_word' id='word_1_57' title='bbox 457 942 612 1018; x_wconf 81' lang='lat' dir='ltr'><strong>coegitque</strong></span> <span class='ocrx_word' id='word_1_58' title='bbox 635 951 843 1019; x_wconf 78' lang='lat' dir='ltr'><strong>praegnantem</strong></span> <span class='ocrx_word' id='word_1_59' title='bbox 861 958 1002 1019; x_wconf 83' lang='lat' dir='ltr'><strong>uxorem,</strong></span> <span class='ocrx_word' id='word_1_60' title='bbox 1027 951 1058 1000; x_wconf 90' lang='lat' dir='ltr'><strong>et</strong></span> <span class='ocrx_word' id='word_1_61' title='bbox 1073 960 1106 1001; x_wconf 83' lang='lat' dir='ltr'><strong>en</strong></span> 
     </span>
     <span class='ocr_line' id='line_1_8' title="bbox 105 1023 1105 1105; baseline 0.002 -23"><span class='ocrx_word' id='word_1_62' title='bbox 105 1041 159 1101; x_wconf 93' lang='lat' dir='ltr'><strong>qua</strong></span> <span class='ocrx_word' id='word_1_63' title='bbox 181 1023 235 1081; x_wconf 93' lang='lat' dir='ltr'><strong>iam</strong></span> <span class='ocrx_word' id='word_1_64' title='bbox 252 1032 334 1101; x_wconf 91' lang='lat' dir='ltr'><strong>pater</strong></span> <span class='ocrx_word' id='word_1_65' title='bbox 350 1033 426 1101; x_wconf 89' lang='lat' dir='ltr'><strong>erat,</strong></span> <span class='ocrx_word' id='word_1_66' title='bbox 449 1024 601 1084; x_wconf 89' lang='lat' dir='ltr'><strong>dimittere.</strong></span> <span class='ocrx_word' id='word_1_67' title='bbox 632 1025 671 1086; x_wconf 85' lang='lat' dir='ltr'><strong>bl.</strong></span> <span class='ocrx_word' id='word_1_68' title='bbox 686 1025 828 1085; x_wconf 89' lang='lat' dir='ltr'><strong>Antonius</strong></span> <span class='ocrx_word' id='word_1_69' title='bbox 845 1024 962 1102; x_wconf 83' lang='lat' dir='ltr'><strong>scribit,</strong></span> <span class='ocrx_word' id='word_1_70' title='bbox 988 1027 1105 1105; x_wconf 88' lang='lat' dir='ltr'><strong>primum</strong></span> 
     </span>
     <span class='ocr_line' id='line_1_9' title="bbox 105 1105 1104 1186; baseline 0.001 -20"><span class='ocrx_word' id='word_1_71' title='bbox 105 1125 169 1166; x_wconf 89' lang='lat' dir='ltr'><strong>eum</strong></span> <span class='ocrx_word' id='word_1_72' title='bbox 185 1105 310 1165; x_wconf 89' lang='lat' dir='ltr'><strong>Antonio</strong></span> <span class='ocrx_word' id='word_1_73' title='bbox 327 1107 384 1166; x_wconf 87' lang='lat' dir='ltr'><strong>filio</strong></span> <span class='ocrx_word' id='word_1_74' title='bbox 402 1126 454 1167; x_wconf 86' lang='lat' dir='ltr'><strong>suo</strong></span> <span class='ocrx_word' id='word_1_75' title='bbox 470 1108 662 1186; x_wconf 86' lang='lat' dir='ltr'><strong>despondisse</strong></span> <span class='ocrx_word' id='word_1_76' title='bbox 677 1109 791 1186; x_wconf 89' lang='lat' dir='ltr'><strong>luliam,</strong></span> <span class='ocrx_word' id='word_1_77' title='bbox 815 1109 882 1168; x_wconf 91' lang='lat' dir='ltr'><strong>dein</strong></span> <span class='ocrx_word' id='word_1_78' title='bbox 899 1107 1037 1169; x_wconf 82' lang='lat' dir='ltr'><strong>Cotisoni</strong></span> <span class='ocrx_word' id='word_1_79' title='bbox 1055 1108 1104 1169; x_wconf 84' lang='lat' dir='ltr'><strong>Ge·</strong></span> 
     </span>
     <span class='ocr_line' id='line_1_10' title="bbox 104 1191 1104 1275; baseline 0 -25"><span class='ocrx_word' id='word_1_80' title='bbox 104 1200 195 1251; x_wconf 90' lang='lat' dir='ltr'><strong>tarum</strong></span> <span class='ocrx_word' id='word_1_81' title='bbox 218 1191 300 1266; x_wconf 89' lang='lat' dir='ltr'><strong>regi,</strong></span> <span class='ocrx_word' id='word_1_82' title='bbox 324 1208 381 1269; x_wconf 92' lang='lat' dir='ltr'><strong>quo</strong></span> <span class='ocrx_word' id='word_1_83' title='bbox 405 1200 536 1275; x_wconf 87' lang='lat' dir='ltr'><strong>tempore</strong></span> <span class='ocrx_word' id='word_1_84' title='bbox 560 1192 614 1251; x_wconf 94' lang='lat' dir='ltr'><strong>sibi</strong></span> <span class='ocrx_word' id='word_1_85' title='bbox 636 1210 751 1271; x_wconf 90' lang='lat' dir='ltr'><strong>quoque</strong></span> <span class='ocrx_word' id='word_1_86' title='bbox 767 1195 795 1252; x_wconf 93' lang='lat' dir='ltr'><strong>iu</strong></span> <span class='ocrx_word' id='word_1_87' title='bbox 812 1195 907 1252; x_wconf 85' lang='lat' dir='ltr'><strong>ricem</strong></span> <span class='ocrx_word' id='word_1_88' title='bbox 923 1193 1014 1253; x_wconf 86' lang='lat' dir='ltr'><strong>liliam</strong></span> <span class='ocrx_word' id='word_1_89' title='bbox 1029 1193 1104 1269; x_wconf 89' lang='lat' dir='ltr'><strong>regis</strong></span> 
     </span>
     <span class='ocr_line' id='line_1_11' title="bbox 105 1275 1115 1352; baseline -0.004 -18"><span class='ocrx_word' id='word_1_90' title='bbox 105 1275 132 1334; x_wconf 93' lang='lat' dir='ltr'><strong>in</strong></span> <span class='ocrx_word' id='word_1_91' title='bbox 149 1276 356 1334; x_wconf 86' lang='lat' dir='ltr'><strong>matrimonium</strong></span> <span class='ocrx_word' id='word_1_92' title='bbox 375 1277 507 1352; x_wconf 87' lang='lat' dir='ltr'><strong>petisset.</strong></span> <span class='ocrx_word' id='word_1_93' title='bbox 1110 1290 1115 1330; x_wconf 89' lang='grc' dir='ltr'><strong>ι</strong></span> 
     </span>
    </p>

    <p class='ocr_par' dir='ltr' id='par_1_3' title="bbox 63 1357 1128 2692">
     <span class='ocr_line' id='line_1_12' title="bbox 63 1357 1102 1438; baseline -0.008 -14"><span class='ocrx_word' id='word_1_94' title='bbox 63 1370 98 1424; x_wconf 78' lang='lat'><strong>64</strong></span> <span class='ocrx_word' id='word_1_95' title='bbox 166 1358 298 1437; x_wconf 90' lang='lat' dir='ltr'><strong>Nepotes</strong></span> <span class='ocrx_word' id='word_1_96' title='bbox 314 1378 351 1418; x_wconf 83' lang='lat' dir='ltr'><strong>en</strong></span> <span class='ocrx_word' id='word_1_97' title='bbox 363 1358 496 1438; x_wconf 81' lang='lat' dir='ltr'><strong>Agrippa</strong></span> <span class='ocrx_word' id='word_1_98' title='bbox 512 1368 540 1418; x_wconf 87' lang='lat' dir='ltr'><strong>et</strong></span> <span class='ocrx_word' id='word_1_99' title='bbox 554 1358 624 1418; x_wconf 92' lang='lat' dir='ltr'><strong>lulia</strong></span> <span class='ocrx_word' id='word_1_100' title='bbox 639 1369 698 1418; x_wconf 88' lang='lat' dir='ltr'><strong>tres</strong></span> <span class='ocrx_word' id='word_1_101' title='bbox 714 1359 812 1420; x_wconf 89' lang='lat' dir='ltr'><strong>habuit</strong></span> <span class='ocrx_word' id='word_1_102' title='bbox 827 1357 861 1420; x_wconf 81' lang='lat' dir='ltr'><strong>(l.</strong></span> <span class='ocrx_word' id='word_1_103' title='bbox 874 1368 904 1419; x_wconf 89' lang='lat' dir='ltr'><strong>et</strong></span> <span class='ocrx_word' id='word_1_104' title='bbox 914 1358 947 1418; x_wconf 88' lang='lat' dir='ltr'><strong>L.</strong></span> <span class='ocrx_word' id='word_1_105' title='bbox 958 1367 989 1418; x_wconf 90' lang='lat' dir='ltr'><strong>et</strong></span> <span class='ocrx_word' id='word_1_106' title='bbox 1000 1357 1102 1436; x_wconf 91' lang='lat' dir='ltr'><strong>Agrip·</strong></span> 
     </span>
     <span class='ocr_line' id='line_1_13' title="bbox 106 1441 1102 1523; baseline -0.004 -19"><span class='ocrx_word' id='word_1_107' title='bbox 106 1462 186 1523; x_wconf 92' lang='lat' dir='ltr'><strong>pam,</strong></span> <span class='ocrx_word' id='word_1_108' title='bbox 206 1453 310 1521; x_wconf 91' lang='lat' dir='ltr'><strong>neptes</strong></span> <span class='ocrx_word' id='word_1_109' title='bbox 333 1442 402 1502; x_wconf 92' lang='lat' dir='ltr'><strong>duas</strong></span> <span class='ocrx_word' id='word_1_110' title='bbox 424 1442 524 1502; x_wconf 91' lang='lat' dir='ltr'><strong>luliam</strong></span> <span class='ocrx_word' id='word_1_111' title='bbox 548 1452 577 1501; x_wconf 89' lang='lat' dir='ltr'><strong>et</strong></span> <span class='ocrx_word' id='word_1_112' title='bbox 598 1442 799 1522; x_wconf 85' lang='lat' dir='ltr'><strong>Agrippinam.</strong></span> <span class='ocrx_word' id='word_1_113' title='bbox 835 1443 936 1503; x_wconf 91' lang='lat' dir='ltr'><strong>luliam</strong></span> <span class='ocrx_word' id='word_1_114' title='bbox 964 1441 996 1500; x_wconf 88' lang='lat' dir='ltr'><strong>L.</strong></span> <span class='ocrx_word' id='word_1_115' title='bbox 1019 1441 1102 1501; x_wconf 89' lang='lat' dir='ltr'><strong>Paulo</strong></span> 
     </span>
     <span class='ocr_line' id='line_1_14' title="bbox 107 1525 1102 1604; baseline -0.006 -17"><span class='ocrx_word' id='word_1_116' title='bbox 107 1528 237 1587; x_wconf 90' lang='lat' dir='ltr'><strong>censoris</strong></span> <span class='ocrx_word' id='word_1_117' title='bbox 264 1525 340 1600; x_wconf 83' lang='lat' dir='ltr'><strong>filio,</strong></span> <span class='ocrx_word' id='word_1_118' title='bbox 369 1526 560 1604; x_wconf 87' lang='lat' dir='ltr'><strong>Agrippinam</strong></span> <span class='ocrx_word' id='word_1_119' title='bbox 581 1525 752 1586; x_wconf 87' lang='lat' dir='ltr'><strong>Germanico</strong></span> <span class='ocrx_word' id='word_1_120' title='bbox 779 1529 890 1587; x_wconf 89' lang='lat' dir='ltr'><strong>sororis</strong></span> <span class='ocrx_word' id='word_1_121' title='bbox 914 1544 987 1585; x_wconf 89' lang='lat' dir='ltr'><strong>suae</strong></span> <span class='ocrx_word' id='word_1_122' title='bbox 1008 1525 1102 1603; x_wconf 89' lang='lat' dir='ltr'><strong>nepoti</strong></span> 
     </span>
     <span class='ocr_line' id='line_1_15' title="bbox 107 1607 1102 1689; baseline -0.005 -19"><span class='ocrx_word' id='word_1_123' title='bbox 107 1610 272 1670; x_wconf 84' lang='lat' dir='ltr'><strong>collocavit.</strong></span> <span class='ocrx_word' id='word_1_124' title='bbox 306 1608 403 1668; x_wconf 88' lang='lat' dir='ltr'><strong>Gaium</strong></span> <span class='ocrx_word' id='word_1_125' title='bbox 419 1619 447 1668; x_wconf 91' lang='lat' dir='ltr'><strong>et</strong></span> <span class='ocrx_word' id='word_1_126' title='bbox 462 1609 492 1668; x_wconf 84' lang='lat' dir='ltr'><strong>L.</strong></span> <span class='ocrx_word' id='word_1_127' title='bbox 509 1610 671 1688; x_wconf 89' lang='lat' dir='ltr'><strong>adoptavit,</strong></span> <span class='ocrx_word' id='word_1_128' title='bbox 692 1610 767 1669; x_wconf 94' lang='lat' dir='ltr'><strong>domi</strong></span> <span class='ocrx_word' id='word_1_129' title='bbox 782 1629 836 1689; x_wconf 91' lang='lat' dir='ltr'><strong>per</strong></span> <span class='ocrx_word' id='word_1_130' title='bbox 850 1626 947 1670; x_wconf 90' lang='lat' dir='ltr'><strong>assem</strong></span> <span class='ocrx_word' id='word_1_131' title='bbox 962 1617 992 1667; x_wconf 91' lang='lat' dir='ltr'><strong>et</strong></span> <span class='ocrx_word' id='word_1_132' title='bbox 1007 1607 1102 1668; x_wconf 91' lang='lat' dir='ltr'><strong>librau</strong></span> 
     </span>
     <span class='ocr_line' id='line_1_16' title="bbox 106 1693 1100 1772; baseline -0.004 -20"><span class='ocrx_word' id='word_1_133' title='bbox 106 1701 219 1770; x_wconf 91' lang='lat' dir='ltr'><strong>emptos</strong></span> <span class='ocrx_word' id='word_1_134' title='bbox 241 1711 256 1752; x_wconf 94' lang='lat' dir='ltr'><strong>a</strong></span> <span class='ocrx_word' id='word_1_135' title='bbox 279 1702 361 1771; x_wconf 89' lang='lat' dir='ltr'><strong>patre</strong></span> <span class='ocrx_word' id='word_1_136' title='bbox 380 1693 530 1771; x_wconf 82' lang='lat' dir='ltr'><strong>Agrippa,</strong></span> <span class='ocrx_word' id='word_1_137' title='bbox 551 1703 727 1772; x_wconf 90' lang='lat' dir='ltr'><strong>tenerosque</strong></span> <span class='ocrx_word' id='word_1_138' title='bbox 743 1693 836 1753; x_wconf 89' lang='lat' dir='ltr'><strong>adhuc</strong></span> <span class='ocrx_word' id='word_1_139' title='bbox 852 1693 888 1754; x_wconf 88' lang='lat' dir='ltr'><strong>ad</strong></span> <span class='ocrx_word' id='word_1_140' title='bbox 905 1710 1007 1752; x_wconf 91' lang='lat' dir='ltr'><strong>curam</strong></span> <span class='ocrx_word' id='word_1_141' title='bbox 1021 1694 1064 1751; x_wconf 93' lang='lat' dir='ltr'><strong>rei</strong></span> <span class='ocrx_word' id='word_1_142' title='bbox 1078 1711 1100 1770; x_wconf 93' lang='lat' dir='ltr'><strong>p.</strong></span> 
     </span>
     <span class='ocr_line' id='line_1_17' title="bbox 106 1777 1100 1856; baseline -0.003 -19"><span class='ocrx_word' id='word_1_143' title='bbox 106 1777 230 1837; x_wconf 86' lang='lat' dir='ltr'><strong>admovit</strong></span> <span class='ocrx_word' id='word_1_144' title='bbox 253 1785 282 1835; x_wconf 91' lang='lat' dir='ltr'><strong>et</strong></span> <span class='ocrx_word' id='word_1_145' title='bbox 299 1777 434 1836; x_wconf 89' lang='lat' dir='ltr'><strong>consules</strong></span> <span class='ocrx_word' id='word_1_146' title='bbox 455 1777 622 1854; x_wconf 88' lang='lat' dir='ltr'><strong>designatos</strong></span> <span class='ocrx_word' id='word_1_147' title='bbox 640 1779 747 1837; x_wconf 89' lang='lat' dir='ltr'><strong>circum</strong></span> <span class='ocrx_word' id='word_1_148' title='bbox 762 1777 930 1856; x_wconf 85' lang='lat' dir='ltr'><strong>provincias</strong></span> <span class='ocrx_word' id='word_1_149' title='bbox 947 1777 1100 1835; x_wconf 89' lang='lat' dir='ltr'><strong>exercitus·</strong></span> 
     </span>
     <span class='ocr_line' id='line_1_18' title="bbox 107 1859 1100 1941; baseline -0.002 -22"><span class='ocrx_word' id='word_1_150' title='bbox 107 1880 162 1941; x_wconf 91' lang='lat' dir='ltr'><strong>que</strong></span> <span class='ocrx_word' id='word_1_151' title='bbox 188 1859 301 1919; x_wconf 89' lang='lat' dir='ltr'><strong>dimisit.</strong></span> <span class='ocrx_word' id='word_1_152' title='bbox 333 1860 434 1920; x_wconf 88' lang='lat' dir='ltr'><strong>Filiam</strong></span> <span class='ocrx_word' id='word_1_153' title='bbox 456 1871 484 1919; x_wconf 91' lang='lat' dir='ltr'><strong>et</strong></span> <span class='ocrx_word' id='word_1_154' title='bbox 506 1870 610 1940; x_wconf 88' lang='lat' dir='ltr'><strong>neptes</strong></span> <span class='ocrx_word' id='word_1_155' title='bbox 624 1863 663 1921; x_wconf 89' lang='lat' dir='ltr'><strong>ita</strong></span> <span class='ocrx_word' id='word_1_156' title='bbox 678 1861 812 1938; x_wconf 88' lang='lat' dir='ltr'><strong>instituit,</strong></span> <span class='ocrx_word' id='word_1_157' title='bbox 834 1869 864 1920; x_wconf 88' lang='lat' dir='ltr'><strong>ut</strong></span> <span class='ocrx_word' id='word_1_158' title='bbox 879 1861 966 1920; x_wconf 91' lang='lat' dir='ltr'><strong>etiam</strong></span> <span class='ocrx_word' id='word_1_159' title='bbox 980 1859 1100 1918; x_wconf 88' lang='lat' dir='ltr'><strong>lanilrcio</strong></span> 
     </span>
     <span class='ocr_line' id='line_1_19' title="bbox 106 1943 1100 2023; baseline -0.005 -17"><span class='ocrx_word' id='word_1_160' title='bbox 106 1944 317 2020; x_wconf 83' lang='lat' dir='ltr'><strong>assuefaceret,</strong></span> <span class='ocrx_word' id='word_1_161' title='bbox 343 1953 511 2022; x_wconf 90' lang='lat' dir='ltr'><strong>vetaretque</strong></span> <span class='ocrx_word' id='word_1_162' title='bbox 527 1945 606 2023; x_wconf 92' lang='lat' dir='ltr'><strong>loqui</strong></span> <span class='ocrx_word' id='word_1_163' title='bbox 623 1953 671 2005; x_wconf 89' lang='lat' dir='ltr'><strong>aut</strong></span> <span class='ocrx_word' id='word_1_164' title='bbox 688 1962 779 2022; x_wconf 86' lang='lat' dir='ltr'><strong>agero</strong></span> <span class='ocrx_word' id='word_1_165' title='bbox 795 1946 949 2023; x_wconf 87' lang='lat' dir='ltr'><strong>quicquam</strong></span> <span class='ocrx_word' id='word_1_166' title='bbox 966 1943 1024 2002; x_wconf 91' lang='lat' dir='ltr'><strong>nisi</strong></span> <span class='ocrx_word' id='word_1_167' title='bbox 1042 1959 1100 2022; x_wconf 91' lang='lat' dir='ltr'><strong>pro·</strong></span> 
     </span>
     <span class='ocr_line' id='line_1_20' title="bbox 106 2027 1100 2109; baseline -0.004 -21"><span class='ocrx_word' id='word_1_168' title='bbox 106 2029 199 2109; x_wconf 89' lang='lat' dir='ltr'><strong>palam</strong></span> <span class='ocrx_word' id='word_1_169' title='bbox 225 2037 254 2086; x_wconf 90' lang='lat' dir='ltr'><strong>et</strong></span> <span class='ocrx_word' id='word_1_170' title='bbox 279 2028 356 2106; x_wconf 93' lang='lat' dir='ltr'><strong>quod</strong></span> <span class='ocrx_word' id='word_1_171' title='bbox 376 2030 403 2086; x_wconf 96' lang='lat' dir='ltr'><strong>in</strong></span> <span class='ocrx_word' id='word_1_172' title='bbox 426 2028 542 2087; x_wconf 89' lang='lat' dir='ltr'><strong>diurnos</strong></span> <span class='ocrx_word' id='word_1_173' title='bbox 566 2030 786 2088; x_wconf 90' lang='lat' dir='ltr'><strong>commentarios</strong></span> <span class='ocrx_word' id='word_1_174' title='bbox 805 2027 981 2095; x_wconf 90' lang='lat' dir='ltr'><strong>reierretur;</strong></span> <span class='ocrx_word' id='word_1_175' title='bbox 1013 2035 1100 2086; x_wconf 83' lang='lat' dir='ltr'><strong>extra·</strong></span> 
     </span>
     <span class='ocr_line' id='line_1_21' title="bbox 105 2110 1099 2191; baseline -0.005 -19"><span class='ocrx_word' id='word_1_176' title='bbox 105 2130 224 2172; x_wconf 86' lang='lat' dir='ltr'><strong>reorum</strong></span> <span class='ocrx_word' id='word_1_177' title='bbox 246 2111 359 2189; x_wconf 89' lang='lat' dir='ltr'><strong>quidem</strong></span> <span class='ocrx_word' id='word_1_178' title='bbox 382 2121 467 2171; x_wconf 89' lang='lat' dir='ltr'><strong>coetu</strong></span> <span class='ocrx_word' id='word_1_179' title='bbox 488 2112 562 2171; x_wconf 93' lang='lat' dir='ltr'><strong>adeo</strong></span> <span class='ocrx_word' id='word_1_180' title='bbox 586 2112 748 2191; x_wconf 91' lang='lat' dir='ltr'><strong>prohibuit,</strong></span> <span class='ocrx_word' id='word_1_181' title='bbox 770 2119 800 2170; x_wconf 91' lang='lat' dir='ltr'><strong>ut</strong></span> <span class='ocrx_word' id='word_1_182' title='bbox 820 2110 851 2170; x_wconf 87' lang='lat' dir='ltr'><strong>L.</strong></span> <span class='ocrx_word' id='word_1_183' title='bbox 868 2111 1002 2187; x_wconf 83' lang='lat' dir='ltr'><strong>vicinio,</strong></span> <span class='ocrx_word' id='word_1_184' title='bbox 1027 2110 1099 2169; x_wconf 89' lang='lat' dir='ltr'><strong>claro</strong></span> 
     </span>
     <span class='ocr_line' id='line_1_22' title="bbox 106 2192 1100 2274; baseline -0.005 -17"><span class='ocrx_word' id='word_1_185' title='bbox 106 2198 272 2274; x_wconf 89' lang='lat' dir='ltr'><strong>decoroque</strong></span> <span class='ocrx_word' id='word_1_186' title='bbox 291 2197 401 2271; x_wconf 89' lang='lat' dir='ltr'><strong>iuveni,</strong></span> <span class='ocrx_word' id='word_1_187' title='bbox 424 2197 575 2273; x_wconf 89' lang='lat' dir='ltr'><strong>scripserit</strong></span> <span class='ocrx_word' id='word_1_188' title='bbox 595 2195 753 2274; x_wconf 90' lang='lat' dir='ltr'><strong>quondam,</strong></span> <span class='ocrx_word' id='word_1_189' title='bbox 772 2211 888 2272; x_wconf 75' lang='lat' dir='ltr'><strong>parum</strong></span> <span class='ocrx_word' id='word_1_190' title='bbox 904 2193 1046 2254; x_wconf 81' lang='lat' dir='ltr'><strong>modeste</strong></span> <span class='ocrx_word' id='word_1_191' title='bbox 1062 2192 1100 2271; x_wconf 79' lang='lat' dir='ltr'><strong>fe·</strong></span> 
     </span>
     <span class='ocr_line' id='line_1_23' title="bbox 107 2278 1100 2359; baseline -0.007 -17"><span class='ocrx_word' id='word_1_192' title='bbox 107 2281 186 2342; x_wconf 82' lang='lat' dir='ltr'><strong>cisse</strong></span> <span class='ocrx_word' id='word_1_193' title='bbox 211 2299 293 2354; x_wconf 85' lang='lat' dir='ltr'><strong>cum,</strong></span> <span class='ocrx_word' id='word_1_194' title='bbox 320 2279 404 2359; x_wconf 86' lang='lat' dir='ltr'><strong>quod</strong></span> <span class='ocrx_word' id='word_1_195' title='bbox 424 2279 522 2356; x_wconf 75' lang='lat' dir='ltr'><strong>tilium</strong></span> <span class='ocrx_word' id='word_1_196' title='bbox 542 2296 631 2339; x_wconf 83' lang='lat' dir='ltr'><strong>suam</strong></span> <span class='ocrx_word' id='word_1_197' title='bbox 650 2278 752 2339; x_wconf 80' lang='lat' dir='ltr'><strong>Baias</strong></span> <span class='ocrx_word' id='word_1_198' title='bbox 770 2279 941 2339; x_wconf 80' lang='lat' dir='ltr'><strong>salutatum</strong></span> <span class='ocrx_word' id='word_1_199' title='bbox 961 2278 1100 2337; x_wconf 80' lang='lat' dir='ltr'><strong>venisset.</strong></span> 
     </span>
     <span class='ocr_line' id='line_1_24' title="bbox 105 2360 1101 2441; baseline -0.005 -17"><span class='ocrx_word' id='word_1_200' title='bbox 105 2365 237 2441; x_wconf 87' lang='lat' dir='ltr'><strong>Nepotes</strong></span> <span class='ocrx_word' id='word_1_201' title='bbox 260 2373 288 2422; x_wconf 91' lang='lat' dir='ltr'><strong>et</strong></span> <span class='ocrx_word' id='word_1_202' title='bbox 310 2364 419 2423; x_wconf 88' lang='lat' dir='ltr'><strong>litteras</strong></span> <span class='ocrx_word' id='word_1_203' title='bbox 436 2373 464 2422; x_wconf 89' lang='lat' dir='ltr'><strong>et</strong></span> <span class='ocrx_word' id='word_1_204' title='bbox 486 2374 586 2423; x_wconf 89' lang='lat' dir='ltr'><strong>notare</strong></span> <span class='ocrx_word' id='word_1_205' title='bbox 610 2364 723 2441; x_wconf 92' lang='lat' dir='ltr'><strong>aliaque</strong></span> <span class='ocrx_word' id='word_1_206' title='bbox 745 2363 903 2429; x_wconf 88' lang='lat' dir='ltr'><strong>rudimenta</strong></span> <span class='ocrx_word' id='word_1_207' title='bbox 925 2380 980 2440; x_wconf 90' lang='lat' dir='ltr'><strong>per</strong></span> <span class='ocrx_word' id='word_1_208' title='bbox 996 2380 1031 2420; x_wconf 91' lang='lat' dir='ltr'><strong>se</strong></span> <span class='ocrx_word' id='word_1_209' title='bbox 1047 2360 1101 2439; x_wconf 89' lang='lat' dir='ltr'><strong>plc-</strong></span> 
     </span>
     <span class='ocr_line' id='line_1_25' title="bbox 106 2445 1102 2526; baseline -0.006 -18"><span class='ocrx_word' id='word_1_210' title='bbox 106 2467 225 2524; x_wconf 91' lang='lat' dir='ltr'><strong>rumque</strong></span> <span class='ocrx_word' id='word_1_211' title='bbox 241 2447 338 2506; x_wconf 91' lang='lat' dir='ltr'><strong>docuit</strong></span> <span class='ocrx_word' id='word_1_212' title='bbox 354 2466 388 2506; x_wconf 91' lang='lat' dir='ltr'><strong>ac</strong></span> <span class='ocrx_word' id='word_1_213' title='bbox 403 2447 471 2506; x_wconf 93' lang='lat' dir='ltr'><strong>nihil</strong></span> <span class='ocrx_word' id='word_1_214' title='bbox 486 2466 578 2526; x_wconf 91' lang='lat' dir='ltr'><strong>aeque</strong></span> <span class='ocrx_word' id='word_1_215' title='bbox 594 2447 755 2507; x_wconf 84' lang='lat' dir='ltr'><strong>elaboravit</strong></span> <span class='ocrx_word' id='word_1_216' title='bbox 776 2465 860 2525; x_wconf 89' lang='lat' dir='ltr'><strong>quam</strong></span> <span class='ocrx_word' id='word_1_217' title='bbox 880 2454 910 2504; x_wconf 86' lang='lat' dir='ltr'><strong>ut</strong></span> <span class='ocrx_word' id='word_1_218' title='bbox 928 2445 1102 2504; x_wconf 90' lang='lat' dir='ltr'><strong>imitarentur</strong></span> 
     </span>
     <span class='ocr_line' id='line_1_26' title="bbox 107 2529 1128 2609; baseline -0.007 -18"><span class='ocrx_word' id='word_1_219' title='bbox 107 2531 330 2607; x_wconf 88' lang='lat' dir='ltr'><strong>chirographum</strong></span> <span class='ocrx_word' id='word_1_220' title='bbox 347 2550 441 2599; x_wconf 92' lang='lat' dir='ltr'><strong>suum;</strong></span> <span class='ocrx_word' id='word_1_221' title='bbox 458 2550 552 2609; x_wconf 93' lang='lat' dir='ltr'><strong>neque</strong></span> <span class='ocrx_word' id='word_1_222' title='bbox 569 2533 700 2592; x_wconf 88' lang='lat' dir='ltr'><strong>caenavit</strong></span> <span class='ocrx_word' id='word_1_223' title='bbox 716 2549 779 2608; x_wconf 90' lang='lat' dir='ltr'><strong>una,</strong></span> <span class='ocrx_word' id='word_1_224' title='bbox 794 2531 850 2590; x_wconf 92' lang='lat' dir='ltr'><strong>uisi</strong></span> <span class='ocrx_word' id='word_1_225' title='bbox 863 2539 893 2589; x_wconf 92' lang='lat' dir='ltr'><strong>ut</strong></span> <span class='ocrx_word' id='word_1_226' title='bbox 907 2531 936 2588; x_wconf 92' lang='lat' dir='ltr'><strong>in</strong></span> <span class='ocrx_word' id='word_1_227' title='bbox 952 2531 1009 2588; x_wconf 92' lang='lat' dir='ltr'><strong>imo</strong></span> <span class='ocrx_word' id='word_1_228' title='bbox 1028 2529 1102 2587; x_wconf 88' lang='lat' dir='ltr'><strong>lecto</strong></span> <span class='ocrx_word' id='word_1_229' title='bbox 1126 2573 1128 2584; x_wconf 90' lang='lat'><strong>.</strong></span> 
     </span>
     <span class='ocr_line' id='line_1_27' title="bbox 108 2613 1104 2692; baseline -0.005 -18"><span class='ocrx_word' id='word_1_230' title='bbox 108 2613 284 2688; x_wconf 88' lang='lat' dir='ltr'><strong>assiderent,</strong></span> <span class='ocrx_word' id='word_1_231' title='bbox 312 2632 406 2691; x_wconf 90' lang='lat' dir='ltr'><strong>neque</strong></span> <span class='ocrx_word' id='word_1_232' title='bbox 427 2616 482 2673; x_wconf 92' lang='lat' dir='ltr'><strong>iter</strong></span> <span class='ocrx_word' id='word_1_233' title='bbox 502 2616 585 2692; x_wconf 90' lang='lat' dir='ltr'><strong>lecit,</strong></span> <span class='ocrx_word' id='word_1_234' title='bbox 611 2617 665 2674; x_wconf 88' lang='lat' dir='ltr'><strong>nisi</strong></span> <span class='ocrx_word' id='word_1_235' title='bbox 687 2624 717 2673; x_wconf 93' lang='lat' dir='ltr'><strong>ut</strong></span> <span class='ocrx_word' id='word_1_236' title='bbox 736 2613 872 2674; x_wconf 87' lang='lat' dir='ltr'><strong>vehiculo</strong></span> <span class='ocrx_word' id='word_1_237' title='bbox 894 2613 1040 2672; x_wconf 88' lang='lat' dir='ltr'><strong>anteirent</strong></span> <span class='ocrx_word' id='word_1_238' title='bbox 1061 2618 1104 2670; x_wconf 84' lang='lat' dir='ltr'><strong>aut</strong></span> 
     </span>
    </p>

    <p class='ocr_par' dir='ltr' id='par_1_4' title="bbox 63 2694 1127 3371">
     <span class='ocr_line' id='line_1_28' title="bbox 63 2694 1104 2776; baseline 0 -24"><span class='ocrx_word' id='word_1_239' title='bbox 63 2698 98 2752; x_wconf 83' lang='lat'><strong>65</strong></span> <span class='ocrx_word' id='word_1_240' title='bbox 109 2699 185 2758; x_wconf 87' lang='lat' dir='ltr'><strong>circa</strong></span> <span class='ocrx_word' id='word_1_241' title='bbox 200 2696 408 2774; x_wconf 89' lang='lat' dir='ltr'><strong>adequitarent.</strong></span> <span class='ocrx_word' id='word_1_242' title='bbox 435 2699 492 2758; x_wconf 87' lang='lat' dir='ltr'><strong>Sed</strong></span> <span class='ocrx_word' id='word_1_243' title='bbox 508 2699 612 2758; x_wconf 90' lang='lat' dir='ltr'><strong>laetum</strong></span> <span class='ocrx_word' id='word_1_244' title='bbox 629 2717 692 2758; x_wconf 91' lang='lat' dir='ltr'><strong>eum</strong></span> <span class='ocrx_word' id='word_1_245' title='bbox 708 2707 794 2776; x_wconf 89' lang='lat' dir='ltr'><strong>atque</strong></span> <span class='ocrx_word' id='word_1_246' title='bbox 809 2697 944 2758; x_wconf 87' lang='lat' dir='ltr'><strong>fidentem</strong></span> <span class='ocrx_word' id='word_1_247' title='bbox 957 2704 987 2755; x_wconf 90' lang='lat' dir='ltr'><strong>et</strong></span> <span class='ocrx_word' id='word_1_248' title='bbox 1003 2694 1104 2755; x_wconf 88' lang='lat' dir='ltr'><strong>subole</strong></span> 
     </span>
     <span class='ocr_line' id='line_1_29' title="bbox 108 2780 1127 2861; baseline -0.007 -18"><span class='ocrx_word' id='word_1_249' title='bbox 108 2792 136 2843; x_wconf 89' lang='lat' dir='ltr'><strong>et</strong></span> <span class='ocrx_word' id='word_1_250' title='bbox 151 2781 302 2859; x_wconf 86' lang='lat' dir='ltr'><strong>disciplina</strong></span> <span class='ocrx_word' id='word_1_251' title='bbox 318 2780 416 2840; x_wconf 91' lang='lat' dir='ltr'><strong>domus</strong></span> <span class='ocrx_word' id='word_1_252' title='bbox 428 2781 554 2842; x_wconf 89' lang='lat' dir='ltr'><strong>Fortuna</strong></span> <span class='ocrx_word' id='word_1_253' title='bbox 569 2785 705 2843; x_wconf 89' lang='lat' dir='ltr'><strong>destituit.</strong></span> <span class='ocrx_word' id='word_1_254' title='bbox 727 2782 825 2857; x_wconf 89' lang='lat' dir='ltr'><strong>Iulias,</strong></span> <span class='ocrx_word' id='word_1_255' title='bbox 840 2781 926 2841; x_wconf 88' lang='lat' dir='ltr'><strong>liliam</strong></span> <span class='ocrx_word' id='word_1_256' title='bbox 938 2789 968 2839; x_wconf 90' lang='lat' dir='ltr'><strong>et</strong></span> <span class='ocrx_word' id='word_1_257' title='bbox 976 2788 1103 2858; x_wconf 87' lang='lat' dir='ltr'><strong>neptem,</strong></span> <span class='ocrx_word' id='word_1_258' title='bbox 1123 2850 1127 2861; x_wconf 34' lang='grc' dir='ltr'><strong><em>Ι</em></strong></span> 
     </span>
     <span class='ocr_line' id='line_1_30' title="bbox 108 2862 1124 2943; baseline -0.007 -15"><span class='ocrx_word' id='word_1_259' title='bbox 108 2865 238 2928; x_wconf 92' lang='lat' dir='ltr'><strong>omnibus</strong></span> <span class='ocrx_word' id='word_1_260' title='bbox 261 2864 375 2943; x_wconf 90' lang='lat' dir='ltr'><strong>probris</strong></span> <span class='ocrx_word' id='word_1_261' title='bbox 398 2870 602 2927; x_wconf 88' lang='lat' dir='ltr'><strong>contaminatas</strong></span> <span class='ocrx_word' id='word_1_262' title='bbox 624 2867 781 2943; x_wconf 86' lang='lat' dir='ltr'><strong>relegavit;</strong></span> <span class='ocrx_word' id='word_1_263' title='bbox 806 2864 838 2925; x_wconf 81' lang='lat'><strong>0.</strong></span> <span class='ocrx_word' id='word_1_264' title='bbox 856 2874 885 2924; x_wconf 91' lang='lat' dir='ltr'><strong>et</strong></span> <span class='ocrx_word' id='word_1_265' title='bbox 898 2863 929 2923; x_wconf 88' lang='lat' dir='ltr'><strong>L.</strong></span> <span class='ocrx_word' id='word_1_266' title='bbox 953 2865 982 2922; x_wconf 92' lang='lat' dir='ltr'><strong>in</strong></span> <span class='ocrx_word' id='word_1_267' title='bbox 999 2862 1124 2923; x_wconf 85' lang='lat' dir='ltr'><strong>duode&#39;</strong></span> 
     </span>
     <span class='ocr_line' id='line_1_31' title="bbox 107 2946 1117 3029; baseline -0.007 -17"><span class='ocrx_word' id='word_1_268' title='bbox 107 2952 209 3029; x_wconf 86' lang='lat' dir='ltr'><strong>viginti</strong></span> <span class='ocrx_word' id='word_1_269' title='bbox 231 2968 359 3008; x_wconf 91' lang='lat' dir='ltr'><strong>mensum</strong></span> <span class='ocrx_word' id='word_1_270' title='bbox 381 2952 475 3029; x_wconf 92' lang='lat' dir='ltr'><strong>spatio</strong></span> <span class='ocrx_word' id='word_1_271' title='bbox 498 2952 591 3010; x_wconf 90' lang='lat' dir='ltr'><strong>amisit</strong></span> <span class='ocrx_word' id='word_1_272' title='bbox 612 2951 726 3026; x_wconf 92' lang='lat' dir='ltr'><strong>ambos,</strong></span> <span class='ocrx_word' id='word_1_273' title='bbox 750 2948 820 3010; x_wconf 85' lang='lat' dir='ltr'><strong>Gaio</strong></span> <span class='ocrx_word' id='word_1_274' title='bbox 843 2950 871 3007; x_wconf 97' lang='lat' dir='ltr'><strong>in</strong></span> <span class='ocrx_word' id='word_1_275' title='bbox 891 2949 994 3024; x_wconf 75' lang='lat' dir='ltr'><strong>Lycia,</strong></span> <span class='ocrx_word' id='word_1_276' title='bbox 1017 2946 1117 3006; x_wconf 90' lang='lat' dir='ltr'><strong>Lucio</strong></span> 
     </span>
     <span class='ocr_line' id='line_1_32' title="bbox 107 3031 1105 3112; baseline -0.01 -13"><span class='ocrx_word' id='word_1_277' title='bbox 107 3036 252 3099; x_wconf 81' lang='lat' dir='ltr'><strong>Massiliae</strong></span> <span class='ocrx_word' id='word_1_278' title='bbox 277 3034 429 3093; x_wconf 87' lang='lat' dir='ltr'><strong>defunctis.</strong></span> <span class='ocrx_word' id='word_1_279' title='bbox 467 3034 592 3094; x_wconf 85' lang='lat' dir='ltr'><strong>Tertium</strong></span> <span class='ocrx_word' id='word_1_280' title='bbox 619 3042 755 3112; x_wconf 89' lang='lat' dir='ltr'><strong>nepotem</strong></span> <span class='ocrx_word' id='word_1_281' title='bbox 778 3032 940 3110; x_wconf 87' lang='lat' dir='ltr'><strong>Agrippam</strong></span> <span class='ocrx_word' id='word_1_282' title='bbox 965 3031 1105 3109; x_wconf 91' lang='lat' dir='ltr'><strong>simulque</strong></span> 
     </span>
     <span class='ocr_line' id='line_1_33' title="bbox 108 3115 1106 3202; baseline -0.009 -21"><span class='ocrx_word' id='word_1_283' title='bbox 108 3123 269 3202; x_wconf 87' lang='lat' dir='ltr'><strong>privignum</strong></span> <span class='ocrx_word' id='word_1_284' title='bbox 281 3119 424 3178; x_wconf 86' lang='lat' dir='ltr'><strong>Tiberium</strong></span> <span class='ocrx_word' id='word_1_285' title='bbox 441 3119 587 3196; x_wconf 88' lang='lat' dir='ltr'><strong>adoptavit</strong></span> <span class='ocrx_word' id='word_1_286' title='bbox 604 3121 632 3176; x_wconf 95' lang='lat' dir='ltr'><strong>in</strong></span> <span class='ocrx_word' id='word_1_287' title='bbox 646 3119 711 3177; x_wconf 91' lang='lat' dir='ltr'><strong>loro</strong></span> <span class='ocrx_word' id='word_1_288' title='bbox 728 3117 796 3194; x_wconf 84' lang='lat' dir='ltr'><strong>lege</strong></span> <span class='ocrx_word' id='word_1_289' title='bbox 814 3117 935 3183; x_wconf 79' lang='lat' dir='ltr'><strong>curiata:</strong></span> <span class='ocrx_word' id='word_1_290' title='bbox 953 3115 1106 3192; x_wconf 87' lang='lat' dir='ltr'><strong>exquibus</strong></span> 
     </span>
     <span class='ocr_line' id='line_1_34' title="bbox 108 3199 1105 3283; baseline -0.011 -16"><span class='ocrx_word' id='word_1_291' title='bbox 108 3207 269 3283; x_wconf 82' lang='lat' dir='ltr'><strong>Agrippam</strong></span> <span class='ocrx_word' id='word_1_292' title='bbox 284 3204 366 3261; x_wconf 90' lang='lat' dir='ltr'><strong>brevi</strong></span> <span class='ocrx_word' id='word_1_293' title='bbox 381 3204 416 3261; x_wconf 92' lang='lat' dir='ltr'><strong>ob</strong></span> <span class='ocrx_word' id='word_1_294' title='bbox 433 3203 576 3279; x_wconf 84' lang='lat' dir='ltr'><strong>ingenium</strong></span> <span class='ocrx_word' id='word_1_295' title='bbox 592 3202 735 3261; x_wconf 91' lang='lat' dir='ltr'><strong>sordidum</strong></span> <span class='ocrx_word' id='word_1_296' title='bbox 752 3220 785 3260; x_wconf 92' lang='lat' dir='ltr'><strong>ac</strong></span> <span class='ocrx_word' id='word_1_297' title='bbox 800 3201 886 3259; x_wconf 80' lang='lat' dir='ltr'><strong>ferox</strong></span> <span class='ocrx_word' id='word_1_298' title='bbox 901 3199 1046 3258; x_wconf 85' lang='lat' dir='ltr'><strong>abdicavit</strong></span> <span class='ocrx_word' id='word_1_299' title='bbox 1064 3217 1105 3257; x_wconf 91' lang='lat' dir='ltr'><strong>se·</strong></span> 
     </span>
     <span class='ocr_line' id='line_1_35' title="bbox 110 3289 453 3371; baseline -0.017 -21"><span class='ocrx_word' id='word_1_300' title='bbox 110 3291 262 3371; x_wconf 89' lang='lat' dir='ltr'><strong>posuitque</strong></span> <span class='ocrx_word' id='word_1_301' title='bbox 279 3289 453 3346; x_wconf 89' lang='lat' dir='ltr'><strong>Surrentum.</strong></span> 
     </span>
    </p>

    <p class='ocr_par' dir='ltr' id='par_1_5' title="bbox 110 3366 1128 3702">
     <span class='ocr_line' id='line_1_36' title="bbox 169 3366 1128 3450; baseline -0.005 -19"><span class='ocrx_word' id='word_1_302' title='bbox 169 3374 323 3450; x_wconf 83' lang='lat' dir='ltr'><strong>Aliquanto</strong></span> <span class='ocrx_word' id='word_1_303' title='bbox 345 3381 438 3431; x_wconf 90' lang='lat' dir='ltr'><strong>autem</strong></span> <span class='ocrx_word' id='word_1_304' title='bbox 459 3370 611 3447; x_wconf 91' lang='lat' dir='ltr'><strong>patientius</strong></span> <span class='ocrx_word' id='word_1_305' title='bbox 631 3379 752 3427; x_wconf 89' lang='lat' dir='ltr'><strong>mortem</strong></span> <span class='ocrx_word' id='word_1_306' title='bbox 775 3386 857 3445; x_wconf 91' lang='lat' dir='ltr'><strong>quam</strong></span> <span class='ocrx_word' id='word_1_307' title='bbox 879 3366 1026 3426; x_wconf 89' lang='lat' dir='ltr'><strong>dedecora</strong></span> <span class='ocrx_word' id='word_1_308' title='bbox 1042 3383 1104 3426; x_wconf 78' lang='lat' dir='ltr'><strong>suo</strong></span> <span class='ocrx_word' id='word_1_309' title='bbox 1127 3377 1128 3386; x_wconf 60' lang='lat'>¹</span> 
     </span>
     <span class='ocr_line' id='line_1_37' title="bbox 110 3450 1106 3531; baseline -0.007 -15"><span class='ocrx_word' id='word_1_310' title='bbox 110 3476 171 3516; x_wconf 91' lang='lat' dir='ltr'><strong>rum</strong></span> <span class='ocrx_word' id='word_1_311' title='bbox 189 3458 259 3514; x_wconf 91' lang='lat' dir='ltr'><strong>tulit.</strong></span> <span class='ocrx_word' id='word_1_312' title='bbox 289 3455 360 3515; x_wconf 92' lang='lat' dir='ltr'><strong>Nam</strong></span> <span class='ocrx_word' id='word_1_313' title='bbox 380 3454 411 3516; x_wconf 85' lang='lat' dir='ltr'><strong>G.</strong></span> <span class='ocrx_word' id='word_1_314' title='bbox 427 3455 553 3531; x_wconf 80' lang='lat' dir='ltr'><strong>Lurcique</strong></span> <span class='ocrx_word' id='word_1_315' title='bbox 575 3472 642 3512; x_wconf 89' lang='lat' dir='ltr'><strong>casu</strong></span> <span class='ocrx_word' id='word_1_316' title='bbox 664 3470 721 3511; x_wconf 93' lang='lat' dir='ltr'><strong>non</strong></span> <span class='ocrx_word' id='word_1_317' title='bbox 743 3452 814 3512; x_wconf 92' lang='lat' dir='ltr'><strong>adeo</strong></span> <span class='ocrx_word' id='word_1_318' title='bbox 839 3453 963 3526; x_wconf 87' lang='lat' dir='ltr'><strong>inactus,</strong></span> <span class='ocrx_word' id='word_1_319' title='bbox 989 3450 1026 3509; x_wconf 92' lang='lat' dir='ltr'><strong>de</strong></span> <span class='ocrx_word' id='word_1_320' title='bbox 1049 3451 1106 3510; x_wconf 86' lang='lat' dir='ltr'><strong>filia</strong></span> 
     </span>
     <span class='ocr_line' id='line_1_38' title="bbox 111 3534 1107 3618; baseline -0.009 -17"><span class='ocrx_word' id='word_1_321' title='bbox 111 3541 217 3601; x_wconf 90' lang='lat' dir='ltr'><strong>absens</strong></span> <span class='ocrx_word' id='word_1_322' title='bbox 232 3559 266 3599; x_wconf 90' lang='lat' dir='ltr'><strong>ac</strong></span> <span class='ocrx_word' id='word_1_323' title='bbox 280 3539 381 3600; x_wconf 90' lang='lat' dir='ltr'><strong>libello</strong></span> <span class='ocrx_word' id='word_1_324' title='bbox 397 3559 450 3618; x_wconf 91' lang='lat' dir='ltr'><strong>per</strong></span> <span class='ocrx_word' id='word_1_325' title='bbox 465 3547 647 3617; x_wconf 88' lang='lat' dir='ltr'><strong>quaestorem</strong></span> <span class='ocrx_word' id='word_1_326' title='bbox 661 3537 782 3595; x_wconf 89' lang='lat' dir='ltr'><strong>recitato</strong></span> <span class='ocrx_word' id='word_1_327' title='bbox 798 3545 895 3594; x_wconf 91' lang='lat' dir='ltr'><strong>notum</strong></span> <span class='ocrx_word' id='word_1_328' title='bbox 910 3536 1022 3594; x_wconf 90' lang='lat' dir='ltr'><strong>senatui</strong></span> <span class='ocrx_word' id='word_1_329' title='bbox 1037 3534 1107 3594; x_wconf 85' lang='lat' dir='ltr'><strong>iecit</strong></span> 
     </span>
     <span class='ocr_line' id='line_1_39' title="bbox 111 3618 1106 3702; baseline -0.007 -18"><span class='ocrx_word' id='word_1_330' title='bbox 111 3625 303 3702; x_wconf 87' lang='lat' dir='ltr'><strong>abstinuitque</strong></span> <span class='ocrx_word' id='word_1_331' title='bbox 328 3643 487 3701; x_wconf 89' lang='lat' dir='ltr'><strong>congressu</strong></span> <span class='ocrx_word' id='word_1_332' title='bbox 508 3622 650 3680; x_wconf 92' lang='lat' dir='ltr'><strong>hominum</strong></span> <span class='ocrx_word' id='word_1_333' title='bbox 667 3619 711 3678; x_wconf 91' lang='lat' dir='ltr'><strong>diu</strong></span> <span class='ocrx_word' id='word_1_334' title='bbox 727 3637 798 3699; x_wconf 90' lang='lat' dir='ltr'><strong>prae</strong></span> <span class='ocrx_word' id='word_1_335' title='bbox 814 3618 945 3699; x_wconf 92' lang='lat' dir='ltr'><strong>pudore,</strong></span> <span class='ocrx_word' id='word_1_336' title='bbox 967 3620 1055 3679; x_wconf 92' lang='lat' dir='ltr'><strong>etiam</strong></span> <span class='ocrx_word' id='word_1_337' title='bbox 1072 3618 1106 3677; x_wconf 92' lang='lat' dir='ltr'><strong>de</strong></span> 
     </span>
    </p>
   </div>
   <div class='ocr_carea' id='block_1_3' title="bbox 0 0 1135 3930">
    <p class='ocr_par' dir='ltr' id='par_1_6' title="bbox 0 0 1135 3930">
     <span class='ocr_line' id='line_1_40' title="bbox 0 0 1135 3930; baseline 0 0"><span class='ocrx_word' id='word_1_338' title='bbox 0 0 1135 3930; x_wconf 95' lang='lat' dir='ltr'><strong> </strong></span> 
     </span>
    </p>
   </div>
  </div>
 </body>
</html>
