2286 3944
525 228 630 278 uaso.
1020 217 1080 280 187

84 395 107 448 rt
120 384 245 462 assolet,
261 385 316 444 iam
334 381 453 461 grandis
470 391 536 442 natu
552 402 606 461 per
621 382 773 443 blanditias
787 383 864 443 forte
880 383 1015 444 dixisset:
1030 382 1079 444 Si·

84 469 142 530 anl
161 468 245 530 basto
270 484 439 544 accepero,
463 467 545 527 mori
564 467 650 527 colo:
679 485 840 527 conversus
868 467 903 528 ad
929 470 1079 545 proximos

84 551 242 632 confestim
256 569 291 613 se
301 550 476 630 positurum
491 550 572 610 velut
587 549 709 610 irridens
726 551 778 628 ait,
795 554 1003 630 praecepitque
1019 569 1078 610 me·

84 637 152 698 licis
174 645 204 696 ut
227 635 338 713 largius
360 643 518 712 purgarent
538 652 671 712 aegram,
692 633 814 694 necdum
829 634 983 695 defunctae
1001 635 1078 694 bona

84 721 198 796 Parasit,
215 735 376 798 suppresso
391 726 577 794 testamento,
597 737 633 776 ne
649 718 716 795 quid
731 716 915 777 abscederet.

139 805 260 866 Uxores
275 811 393 882 praeter
411 800 558 861 Octaviam
574 801 644 861 duas
661 810 764 879 postea
789 801 884 861 duxit:
909 801 1120 881 Poppaeamgq

84 887 230 963 iabinam,
256 886 423 965 quaestorio
440 894 523 964 patre
537 894 631 945 natam
647 894 676 944 et
693 886 783 964 equiti
796 887 831 945 ll.
847 894 931 945 antea
947 895 1076 963 nuptam,

84 970 184 1032 leinde
199 971 338 1031 Statiliam
351 969 550 1046 Messalinam,
566 969 653 1029 Tauri
668 969 712 1027 bis
729 969 858 1028 consulis
871 987 907 1027 ac
921 969 1076 1048 triumpha·

84 1057 113 1117 lis
127 1055 295 1133 abneptem.
326 1053 389 1128 Qua
412 1062 441 1113 ut
459 1062 629 1132 poteretur,
654 1055 744 1111 virum
761 1055 823 1112 eius
838 1052 964 1112 Atticum
981 1053 1076 1113 Vesti-

84 1157 143 1199 rom
166 1138 317 1198 consulem
338 1139 367 1196 iu
388 1137 500 1198 honore
519 1138 585 1216 ipso
601 1136 763 1196 trucidavit.
797 1136 936 1196 Octaviae
955 1154 1076 1196 consue·

84 1222 205 1284 udinem
221 1223 279 1283 cito
296 1230 485 1299 aspernatus,
511 1221 733 1299 corripientibus
755 1223 855 1281 amicis
871 1220 1017 1299 sufficere
1031 1219 1080 1280 illi

84 1305 191 1368 lebera
209 1305 361 1384 respondit
380 1305 498 1366 acoris
519 1311 709 1366 ornamento.
742 1304 872 1365 Eandem
893 1324 962 1365 mox
986 1322 1076 1382 saepe

84 1391 185 1452 bostra
201 1389 384 1466 strangulare
400 1389 564 1466 meditatus,
582 1388 687 1449 dimisit
700 1398 731 1448 ut
747 1391 886 1466 sterilem,
904 1389 957 1448 sed
970 1390 1076 1467 impro-

84 1484 164 1536 tante
183 1474 336 1534 divortium
361 1473 472 1551 populo
492 1490 547 1533 nec
568 1483 707 1550 parcente
730 1475 876 1551 convitiis,
901 1474 986 1533 etiam
1000 1472 1076 1532 rele-

84 1561 177 1638 gavit,
199 1557 323 1636 denique
345 1557 454 1617 occidit
474 1557 527 1616 sub
545 1557 664 1616 crimine
679 1557 886 1618 adulteriorum
901 1557 975 1618 adeo
995 1558 1076 1634 inpu-

84 1642 155 1703 lenti
170 1642 322 1719 falsoque,
344 1650 374 1700 ut
397 1641 426 1700 in
448 1643 619 1718 quaestione
635 1642 862 1719 pernegantibus
881 1643 993 1701 cunctis
1008 1641 1076 1699 Ani·

84 1735 173 1787 retum
189 1725 394 1805 paedagogum
413 1743 493 1784 suum
516 1724 639 1784 indicem
657 1725 831 1803 subiecerit,
858 1728 905 1804 qui
922 1724 1077 1803 tingeret*

84 1809 145 1871 lolo
169 1818 327 1888 stupratam
351 1827 366 1867 a
392 1827 425 1867 se
446 1808 594 1869 lateretur.
627 1808 809 1888 Poppaeam,
836 1809 1008 1869 duodecimo
1030 1807 1077 1866 die

84 1902 146 1955 rost
168 1893 321 1953 divortium
347 1891 486 1952 Octaviae
510 1894 539 1951 in
560 1895 766 1952 matrimonium
789 1903 955 1970 acceptam,
977 1891 1077 1950 dilexit

84 1978 180 2046 rnioe;
197 1985 335 2036 ettamen
352 1978 446 2054 ipsam
470 1994 588 2054 quoque
609 1977 667 2034 ictu
691 1977 782 2036 calcis
799 1976 921 2051 occidit,
948 1974 1025 2051 quod
1044 1992 1087 2056 se,

84 2080 113 2121 rx
132 2061 312 2138 aurigatione
330 2076 399 2119 sero
415 2078 565 2119 reversum
581 2059 701 2134 gravida
721 2070 750 2118 et
773 2077 863 2134 aegra
880 2058 1020 2117 conviciis
1036 2058 1076 2115 in·

84 2153 218 2205 cesserat.
249 2142 296 2203 Ex
310 2144 365 2204 bac
381 2143 467 2202 liliam
489 2143 552 2203 tulit
568 2141 714 2202 Claudiam
728 2143 904 2219 Augustam,
926 2141 1077 2218 amisitque

84 2226 227 2290 rdm0dum
242 2227 390 2287 infantem.
988 2242 992 2247 ·

138 2311 254 2371 Nullum
270 2311 344 2371 adeo
361 2310 583 2370 necessitudinis
598 2328 692 2387 genus
711 2318 772 2386 est,
795 2309 873 2387 quod
888 2326 945 2368 non
961 2307 1076 2367 scelere

84 2395 245 2457 terculerit.
278 2395 433 2455 Antoniam
460 2393 561 2455 Claudi
584 2395 688 2470 tiliam,
711 2401 894 2452 recusantem
914 2401 982 2472 post
1000 2390 1075 2470 Pop·

84 2497 169 2541 taeae
183 2487 305 2537 mortem
326 2479 441 2556 nuptias
465 2497 547 2554 suas,
571 2479 652 2556 quasi
674 2477 847 2537 molitricem
869 2495 1009 2538 novarum
1030 2495 1075 2534 re·

84 2581 138 2623 nm
152 2563 305 2622 interemit.
347 2561 515 2621 Similiter*
532 2565 607 2621 inter
628 2571 746 2622 ceteros
763 2571 811 2622 aut
824 2562 962 2622 affinitate
980 2561 1075 2637 aliqua

84 2646 133 2706 ribi
152 2655 200 2705 aut
218 2647 434 2724 propinquitate
450 2646 637 2714 coniunctos;
654 2647 682 2705 in
698 2646 801 2724 quibus
813 2645 919 2706 Aulum
935 2644 1076 2705 Plautium

84 2747 225 2805 uvenem,
254 2747 338 2807 quem
365 2747 429 2788 cum
455 2739 520 2788 ante
540 2738 662 2789 mortem
683 2748 737 2809 per
762 2733 818 2789 vim
840 2735 1076 2806 conspurcasset,

84 2812 142 2875 dat
160 2832 241 2874 nunc
261 2814 352 2890 inquit
372 2821 472 2874 mater
492 2831 561 2873 meo
582 2819 611 2874 et
624 2831 834 2874 successorem
848 2831 945 2873 mcum
960 2808 1076 2871 oscula-

84 2898 143 2958 ur!
159 2898 269 2956 iactans
282 2896 417 2956 dilectum
428 2897 464 2957 ab
478 2916 510 2957 ea
525 2907 553 2957 et
564 2898 600 2958 ad
612 2916 693 2976 spem
705 2899 817 2975 imperii
828 2896 989 2974 impulsum.
1017 2891 1076 2952 Pri-

84 2982 193 3058 rignum
203 2981 315 3041 Rullum
328 2979 491 3060 Crispinum
504 2981 645 3060 Poppaea
657 2991 762 3058 natum,
778 2980 957 3058 impuberem
972 2976 1076 3052 adhuc,

84 3065 142 3144 [uia
160 3064 310 3124 ferebatur
326 3064 447 3125 ducatus
464 3074 493 3124 et
507 3067 628 3143 imperia
650 3065 769 3140 ludere,
792 3061 978 3140 mergendum
994 3060 1076 3135 mari,

84 3149 141 3209 lum
158 3150 337 3227 piscaretur,
363 3151 458 3209 servis
480 3151 571 3227 ipsius
593 3149 784 3208 demandavit.
815 3147 938 3206 'luscum
958 3144 1077 3203 nutricis

84 3233 164 3294 iliam
184 3233 344 3310 relegavit,
375 3233 452 3311 quod
477 3234 505 3291 in
525 3234 731 3311 procuratione
756 3230 894 3308 Aegypti
906 3229 1029 3288 balineis
1048 3227 1077 3285 in

84 3316 229 3378 rdvsntum
249 3335 329 3376 suum
354 3319 493 3377 extructis
519 3317 649 3376 lavisset.
687 3317 829 3374 Senecam
853 3322 1077 3392 praeceptorem

84 3401 107 3462 ,d
125 3419 229 3459 necem
245 3401 401 3479 compulit,
425 3403 556 3479 quamvis
580 3417 671 3478 saepe
694 3407 881 3459 commeatum
901 3396 1010 3476 petenti
1025 3394 1076 3456 bo·

84 3487 178 3564 isque
195 3484 310 3545 cedenti
325 3494 480 3564 persancte
496 3485 632 3536 iurasset*
662 3491 825 3536 mmmmm
843 3500 876 3536 se
890 3482 994 3541 ‘rust-r
1011 3497 1068 3524 rer·
