2256 3930
454 218 485 267 o.
509 217 694 266 caurauni..
1018 205 1078 268 145

77 448 83 453 ,
156 375 268 436 Romae
285 374 360 435 cella
376 373 496 435 Palatini
517 373 659 434 atriensis.
694 371 758 432 Nec
773 371 925 432 defuerunt
947 373 994 449 qui
1011 390 1078 432 con-

167 467 234 536 ant,
267 459 359 519 altero
388 466 504 518 ostento
536 456 695 534 periculum
731 454 935 516 acustodibus
965 455 1079 516 domino

72 534 228 863 ᾗοιάἰ,
261 543 353 602 altero
371 542 491 602 caedem
504 559 603 601 rursus
618 541 776 617 insignem,
806 539 899 618 qualis
914 539 1018 600 eodem
1033 539 1079 600 die

169 626 312 706 quondam
332 626 444 685 luisset.
490 624 659 685 Consulenti
681 641 796 702 quoque
817 623 853 682 de
874 625 1007 700 genitura
1028 642 1080 685 sua

138 728 155 771 a
175 709 393 770 mathematicus
416 710 604 769 certissimam
627 725 729 767 necem
747 709 984 786 appropinquare
1002 707 1078 768 aliir-

77 858 86 869 ,
119 794 170 854 vit.
202 793 376 854 blonuerunt
393 802 422 852 et
435 792 581 853 Fortunae
596 791 771 866 Antiatinae,
789 799 819 848 ut
837 807 853 849 a
874 788 976 852 Cassio
994 808 1078 851 cave·

72 872 134 949 im
162 895 218 956 qua
244 895 331 938 causa
356 877 406 936 illa
433 875 563 937 Cassium
582 875 741 952 Longinum
761 874 852 934 Asiae
875 883 932 932 tum
954 891 1078 952 procon-

72 958 165 1039 'ptlem
191 961 380 1023 occidendum
410 960 613 1038 delegaverat,
644 960 793 1018 immemor
820 955 981 1017 Chaeream
1009 956 1078 1018 (las-

72 1044 146 1107 uum
166 1046 316 1106 nominari.
360 1044 455 1105 Pridie
477 1062 559 1122 quam
582 1044 692 1122 periret
720 1043 886 1118 somniavit,
917 1042 1079 1101 consistere

130 1130 159 1188 in
180 1128 264 1190 caelo
284 1129 363 1188 iuxta
390 1128 492 1188 solium
512 1127 607 1203 lovis,
636 1127 846 1204 impulsumque
865 1124 901 1185 ab
926 1142 961 1185 eo
985 1125 1078 1185 dextri

112 1210 155 1272 dis
172 1213 283 1291 pollice
306 1221 335 1271 et
349 1212 378 1271 in
397 1221 490 1271 terras
514 1211 744 1288 praecipitatum.
788 1208 990 1286 Prodigiorum
1009 1209 1077 1270 loco

72 1140 169 1377 {bita
184 1304 251 1356 sunt
263 1298 364 1371 etiam,
395 1314 469 1374 quae
486 1296 564 1355 forte
586 1295 636 1354 illo
655 1295 719 1373 ipso
737 1293 783 1353 die
799 1293 887 1372 paulo
906 1294 985 1372 prius
1002 1294 1077 1353 acci·

72 1376 184 1440 derant.
230 1380 404 1440 Sacriiicans
427 1398 581 1458 respersus
607 1386 651 1437 est
674 1378 1076 1456 phoenicopteri-sanguine;

72 1471 103 1523 et
119 1464 310 1541 pantomimus
322 1462 451 1524 Mnester
465 1462 647 1541 tragoediam
662 1461 791 1539 saltavit,
816 1478 899 1541 quam
914 1460 981 1520 olim
1000 1461 1077 1521 Neo-

72 1546 220 1625 ptolemus
235 1546 393 1624 tragoedus
416 1546 506 1624 ludis,
531 1546 634 1625 quibus
649 1565 703 1604 rex
721 1545 911 1607 Macedonum
928 1544 1079 1624 Philippus

72 1633 191 1690 occisus
218 1639 278 1706 est,
308 1639 425 1707 egerat;
459 1640 489 1690 et
514 1649 577 1691 cum
604 1632 632 1688 in
656 1629 799 1690 Laureolo
828 1631 929 1705 mimo,
967 1631 996 1688 in
1022 1645 1078 1708 quo

72 1722 155 1783 ¹actor
171 1714 337 1793 proripiens
361 1732 394 1774 se
420 1715 501 1774 ruina
526 1715 694 1792 sanguinem
719 1714 825 1790 vomit,
855 1712 954 1791 plures
975 1731 1078 1773 secun·

72 1795 171 1871 'piarum
199 1799 330 1858 certatim
361 1800 589 1876 experimentum
617 1799 687 1858 artis
714 1797 832 1872 darent,
860 1814 965 1856 cruore
991 1814 1079 1858 scena

109 1881 237 1942 undavit.
281 1880 439 1941 Parabatur
457 1891 486 1940 et
505 1884 534 1941 iu
550 1891 666 1941 noctem
682 1881 896 1960 spectaculum,
918 1897 975 1957 quo
994 1898 1077 1957 argu·

116 1974 166 2026 nta
184 1965 342 2024 inferorum
361 1983 415 2043 per
430 1965 597 2044 Aegyptios
621 1974 650 2024 et
670 1964 833 2042 Aethiopas
851 1963 1076 2041 explicarentur.

155 2047 230 2108 .Kl.
253 2047 340 2108 Febr.
361 2048 432 2110 hora
448 2050 511 2109 iere
533 2051 671 2128 septima,
705 2056 854 2108 cunctatus
879 2064 914 2106 an
935 2047 971 2107 ad
993 2059 1121 2125 prun-58

162 2140 300 2209 surgeret
318 2143 465 2193 marcente
481 2133 574 2193 adhuc
589 2131 740 2192 stomacho
755 2131 877 2210 pridiani
901 2129 959 2190 cibi
974 2147 1075 2205 onere,

135 2233 184 2277 ern
206 2215 394 2276 suadentibus
420 2219 520 2277 amicis
549 2235 689 2294 egressus
719 2223 774 2274 est.
819 2212 890 2274 Cum
913 2215 941 2273 in
963 2222 1076 2291 crypta,

102 2321 119 2364 r
135 2317 224 2381 qnam
239 2299 443 2360 transeundum
459 2309 537 2377 erat,
566 2303 649 2380 pueri
664 2298 780 2360 nobiles
795 2317 833 2358 ex
849 2298 920 2358 Asia
936 2297 972 2359 ad
990 2297 1077 2357 eden-

72 2376 116 2448 lts
133 2387 167 2445 in
191 2400 298 2443 scaena
313 2399 421 2461 operas
437 2386 553 2445 evocati
569 2392 831 2464 praepararentur,
862 2390 892 2441 nt
916 2401 968 2443 eos
989 2383 1076 2460 inspi-

72 2477 151 2531 eret
165 2466 388 2545 hortareturque
403 2468 520 2546 restitit,
538 2487 574 2530 ao
588 2471 642 2528 nisi
660 2470 797 2548 princeps
810 2468 913 2544 gregis
926 2466 1028 2545 algere
1044 2483 1077 2526 sa

72 2545 198 2626 iceret,
229 2549 326 2609 redire
348 2569 383 2611 ac
402 2561 625 2630 repraesentare
653 2551 852 2631 spectaculum
877 2552 976 2612 voluit.
1019 2550 1076 2609 Dn-
1124 2617 1127 2620 ,

72 2636 137 2700 tlex
155 2633 262 2694 dehinc
282 2633 356 2693 lama
379 2644 438 2696 est:
454 2635 502 2695 alii
523 2636 636 2697 tradunt
651 2637 818 2716 adloquenti
835 2654 942 2714 pueros
959 2652 975 2694 a
990 2644 1075 2710 tergo

72 2717 231 2784 {haeream
248 2719 394 2777 cervicem
409 2717 507 2795 gladio
522 2721 629 2781 caesim
642 2721 772 2797 graviter
785 2722 978 2797 percussisse,
991 2735 1074 2796 prae·

72 2806 155 2868 risse
172 2819 266 2861 voce:
292 2799 361 2862 Hoc
376 2803 454 2882 ape!
478 2802 582 2864 dehinc
596 2802 762 2878 Cornelium
777 2803 926 2879 Sabinum,
955 2801 1076 2861 alterum

72 2922 74 2945 t
104 2886 287 2961 coniuratis,
317 2884 459 2946 tribunum
485 2906 523 2948 ex
549 2888 674 2948 adverso
701 2887 852 2947 traiecisse
878 2893 995 2966 pectus;
1027 2883 1075 2944 alii

72 2972 221 3044 labinum,
250 2978 390 3029 summota
406 2988 460 3048 per
478 2974 614 3032 conscios
633 2973 818 3032 centuriones
834 2969 932 3045 turba,
962 2969 1075 3045 signum

72 3073 147 3119 nore
169 3051 289 3114 militiae
311 3054 439 3130 petisse,
470 3064 499 3114 et
519 3055 590 3116 Gaio
609 3055 708 3116 lovem
734 3054 818 3114 dante
843 3052 1002 3113 Chaeream
1024 3069 1074 3110 ex·

72 3141 226 3202 lamasse:
249 3131 366 3213 Accipe
379 3139 500 3197 ratum!
517 3139 740 3217 respicientique
757 3137 901 3197 maxillam
917 3137 973 3194 ictu
989 3134 1073 3194 disci·

72 3225 157 3285 iisse.
200 3220 348 3280 lucentem
377 3223 592 3299 contractisque
607 3221 742 3282 membris
766 3221 957 3281 clamitantem
980 3234 1015 3278 rc
1029 3217 1072 3278 ni·
1107 3266 1111 3272 .

72 3324 141 3368 tere
169 3302 260 3366 ceteri
290 3301 456 3363 vulneribus
485 3305 601 3382 triginta
631 3305 833 3374 confecerunt;
870 3321 934 3364 nam
962 3304 1074 3380 signum

72 3398 131 3452 arat
151 3387 291 3450 omnium:
323 3385 458 3464 Repete!
490 3387 611 3463 Quidam
633 3389 717 3448 ctiam
738 3406 792 3466 per
814 3386 943 3447 obscena
966 3387 1073 3447 farmm

72 3473 238 3551 rdegerunt.
284 3466 331 3528 Ad
352 3471 472 3547 primum
494 3472 640 3532 tumultum
655 3471 785 3531 lecticari
803 3489 866 3530 cum
883 3471 1029 3532 asseribus
1044 3471 1074 3529 in

117 3576 274 3620 annuamus.
870 3557 908 3616 10
