2256 3930
341 264 447 312 arvus
468 262 652 311 susumus.
942 250 1001 312 149

10 419 168 500 tequidem
186 421 338 499 quicquam
355 418 501 495 dignitatis
521 418 638 496 assequi
654 426 701 477 aut
723 435 806 496 spem
822 416 858 476 de
873 435 905 476 se
924 434 1001 476 com·

10 504 155 564 radiorum
171 505 199 563 in
216 512 363 581 posterum
380 502 480 560 iacere
497 502 599 580 potuit.

60 588 153 647 Mater
168 586 292 646 Antonia
311 591 485 662 portentum
508 603 574 643 cam
599 583 731 644 bomiuis
749 583 914 662 dictitabat,
945 602 1003 646 uec

10 669 172 731 tbsolutum
189 688 209 729 a
223 676 356 745 uatara,
384 668 442 728 sed
461 674 577 728 tautum
596 667 772 727 iuoltoatum
781 692 796 738 ;
828 686 862 728 aa
877 669 901 726 si
917 686 1002 747 quem

11 755 149 814 oaordiae
175 761 326 830 argueret,
361 752 531 812 stultiorem
557 750 653 811 aiebat
675 751 740 827 filio
772 768 830 811 sao
857 750 1001 812 Claudio.

10 840 71 898 ivia
88 837 219 913 Augusta
245 853 298 915 pro
315 836 538 915 despectissimo
557 853 674 912 semper
696 834 811 910 habuit,
842 852 900 894 non
921 835 1003 895 affari

10 922 50 981 risi
65 923 226 997 rarissime,
258 937 316 979 non
331 935 449 978 monere
469 920 522 977 uisi
542 918 650 979 acerbo
668 927 696 977 et
714 918 796 977 brevi
819 919 931 996 scripto
955 926 1003 977 aut

10 1023 50 1064 ter
68 1005 257 1064 internuntios
278 1003 372 1062 solita.
417 1003 509 1062 Soror
526 1002 627 1062 Livilla
641 1020 703 1060 curn
724 1001 852 1061 audisset
873 1001 1001 1080 quando·

10 1105 53 1165 [ue
84 1089 304 1166 imperaturum,
334 1096 390 1147 tam
416 1087 542 1164 iniquam
573 1095 601 1145 et
632 1095 689 1144 tarn
717 1085 861 1162 indignam
893 1095 1002 1145 sortem

10 1171 26 1229 '.
41 1172 76 1231 R.
94 1171 188 1249 palam
213 1180 240 1229 et
265 1169 343 1230 clare
369 1170 512 1230 detestata
534 1179 588 1229 est.
632 1168 704 1228 Nam
728 1169 886 1228 avunculus
909 1170 1002 1229 maior

10 1254 144 1330 tugustus
166 1253 233 1332 quid
255 1253 292 1312 de
313 1271 349 1313 eo
369 1255 397 1312 in
418 1263 566 1332 utramque
589 1261 699 1332 partem
717 1255 850 1330 opinatus
866 1255 918 1330 sit,
943 1269 1001 1330 quo
1079 1264 1082 1268 '

10 1340 102 1397 ¹ertius
122 1346 334 1413 cognoscatur,
365 1337 460 1414 capita
479 1337 622 1415 exipsius
640 1337 772 1414 epistulis
789 1339 883 1415 posui.

58 1419 236 1481 Collocutus
252 1438 319 1479 sum
335 1439 403 1480 oum
421 1419 560 1496 Tiberio,
583 1426 616 1480 ut
637 1419 797 1479 mamiasti
812 1438 881 1480 mea
896 1418 999 1496 Liuia,
1016 1423 1033 1478 4

11 1504 70 1564 uid
89 1506 195 1581 uepoti
218 1510 268 1565 tuo
288 1502 410 1566 Tiberio
430 1503 609 1582 faciendum
635 1511 716 1564 esset
736 1503 818 1564 ludis
844 1503 1000 1565 Martiali·

10 1605 63 1648 ua.
112 1588 270 1648 Couseutit
283 1594 384 1648 autem
397 1596 524 1667 uterque
540 1594 692 1664 uostrum,
721 1589 815 1648 semel
828 1587 920 1649 uobis
936 1605 1003 1648 esse

10 1672 206 1748 tatueuelum,
238 1671 322 1750 quod
342 1672 503 1733 oousilium
520 1672 553 1731 iu
572 1672 626 1732 illo
648 1689 824 1751 sequamur.
870 1671 950 1733 Nam
974 1671 1005 1732 si

10 1763 36 1817 st
55 1755 158 1815 artium
174 1751 222 1853 (ut
238 1755 283 1815 ita
300 1753 417 1838 dicam)
438 1755 627 1831 boloelcros,
659 1756 733 1835 quial
750 1763 795 1815 est
818 1757 901 1835 qaod
916 1754 1002 1815 dubi-

10 1857 109 1914 emus,
139 1839 211 1918 quiu
227 1856 285 1916 per
299 1839 421 1900 eosdem
437 1840 588 1901 articulos
605 1846 634 1900 et
647 1839 767 1919 proclus
779 1839 1003 1917 producendus

10 1925 48 1999 it,
81 1940 141 2000 per
169 1939 247 2001 quos
276 1922 380 2000 frater
409 1923 476 1984 eius
503 1923 677 2022 productus
704 1924 769 1982 sit?
814 1922 871 1982 Siu
901 1929 1002 1982 autem

10 2002 208 2066 λαττῶσθαι
225 2007 372 2067 scutimus
390 2026 457 2066 eum
473 2014 501 2066 et
514 2000 708 2105 βεβλάφθαι
726 2000 781 2066 καὶ
805 2005 851 2076 εἰς
866 1994 927 2083 τὴν
940 2002 1003 2064 τοῦ

10 2081 149 2168 &paros
172 2109 227 2149 και
216 2082 285 2162 εἰς
309 2080 371 2170 τὴν
395 2088 452 2170 τῆς
474 2090 580 2169 ψυχῆς
599 2080 792 2169 ἀρτιότητα,
817 2088 1002 2186 praebeucla

10 2173 129 2234 aterio
144 2172 307 2234 deridendi
325 2182 355 2235 et
370 2172 456 2235 illum
479 2181 508 2234 et
532 2192 589 2236 uos
612 2193 674 2234 uou
694 2180 740 2232 est
762 2171 936 2234 bominibus
961 2162 1002 2232 τά

10 2275 132 2319 ιιαυτιι
149 2248 315 2318 σκώπτειν
330 2251 386 2319 καὶ
400 2256 612 2338 percupidum
632 2248 802 2318 εἰωθόσιν.
830 2255 911 2318 Nam
922 2274 999 2316 sem·

10 2360 50 2402 er
67 2340 296 2438 aestuabimus,
325 2359 354 2402 st
349 2341 408 2401 'ae
428 2342 558 2421 stupulis
580 2341 722 2402 articulis
743 2348 911 2420 temporum
927 2341 1000 2403 deli·

10 2422 189 2501 erabimus,
213 2445 257 2505 μη
245 2413 599 2505 aooduouatps‘uoa‘
580 2434 661 2506 uuir
675 2443 794 2505 posse
813 2425 898 2487 arbit
885 2433 1001 2487 tremor

10 2527 62 2569 um
75 2525 186 2586 perere
200 2509 349 2585 boueres,
378 2527 481 2570 ueorte.
527 2507 565 2570 Iu
578 2510 759 2588 praeseutia
776 2518 875 2570 tameu
890 2508 1001 2593 quibus

10 2589 142 2652 erebus
164 2592 318 2669 causalis,
351 2611 466 2655 curare
486 2612 553 2653 eum
574 2594 658 2655 ludis
680 2593 882 2655 Martialibus
901 2594 998 2655 tricli-

10 2677 78 2737 ium
96 2675 293 2736 sacerdotum
312 2694 375 2736 uou
391 2677 533 2755 displicet
551 2678 657 2754 uobis,
684 2677 714 2737 si
728 2685 774 2738 est
790 2695 947 2756 passurus
967 2695 1001 2736 se

10 2760 32 2821 b
65 2757 171 2820 Siloui
197 2759 264 2837 filio
294 2760 414 2821 ltomiue
442 2756 504 2821 sibi
533 2761 623 2841 afflui
652 2761 828 2837 admoueri,
858 2780 896 2821 ue
927 2759 1002 2839 quid

10 2843 100 2905 amat
123 2843 206 2922 quod
230 2843 369 2922 conspici
393 2851 423 2905 et
448 2845 585 2906 derideri
604 2847 714 2924 possit.
760 2845 911 2923 Spectare
934 2862 1001 2903 eum

10 2929 151 2989 irceuses
166 2946 205 2987 ea
216 2927 392 3006 puloiuari,
421 2947 483 2990 uou
492 2930 599 3007 placet
612 2928 702 2989 uobis
709 2953 723 2998 ,·
746 2929 907 3006 expositus
922 2928 1001 2987 euim

10 3009 147 3088 ufroute
164 3012 272 3090 prima
288 3013 550 3090 spectaculorum,
580 3012 796 3090 oouspioietur.
841 3010 880 3071 Iu
902 3008 997 3070 Alba·

10 3113 65 3155 um
81 3100 211 3157 moutam
226 3095 274 3155 ire
289 3114 370 3172 eum,
401 3096 700 3174 uouplaoetuobis,
731 3095 1001 3155 autessellomae

10 3177 180 3239 'ratimarum
206 3179 322 3240 diebus.
370 3179 434 3241 Cur
459 3182 537 3241 euim
562 3199 624 3241 uou
645 3179 830 3257 praeficitur
856 3177 942 3253 urbi,
972 3179 1002 3239 si

10 3269 98 3323 »otest
120 3263 210 3342 sequi
231 3261 364 3340 fratrem
385 3282 473 3324 saum
497 3265 530 3324 iu
549 3265 698 3324 moutam?
732 3259 840 3322 Habes
861 3269 998 3339 uostras‚
1020 3280 1024 3285 ·

10 3364 64 3407 eea
89 3344 195 3421 Liuia,
220 3348 401 3422 seuteutias,
433 3346 543 3425 qrribas
564 3347 671 3424 placet
695 3346 787 3406 semel
815 3346 853 3406 de
877 3352 941 3406 tota
965 3365 1000 3407 re

10 3429 117 3509 aliquid
134 3431 294 3506 constitui,
327 3449 365 3491 ue
380 3448 500 3507 semper
516 3431 595 3491 iuter
610 3449 695 3507 spem
710 3436 739 3490 et
751 3437 860 3491 metum
872 3429 998 3508 fluctue-

10 3529 73 3573 uur.
119 3511 238 3578 Licebit
256 3520 372 3590 autem,
402 3515 431 3573 si
442 3514 543 3591 uoles,
571 3511 725 3575 Autouiae
742 3533 859 3595 quoque
873 3522 1001 3576 uostrae
