2256 3930
91 253 151 319 108
173 268 203 318 o.
220 256 674 328 sunrouruauuo.nnv1us
690 265 876 315 cassanum
889 266 961 314 urs.
979 268 1036 319 111.

88 424 252 486 inconsulto
282 440 315 483 se
334 422 457 496 adisset,
486 429 604 499 questus
625 429 670 480 est
691 423 720 479 in
740 428 851 481 senatu.
887 419 985 481 Etiam
1008 438 1095 486 causa

88 509 188 568 mortis
209 507 299 566 fuisse
324 507 352 565 ei
376 523 430 584 per
443 502 502 563 GN.
525 504 659 564 Pisonem
680 503 808 581 legatum
829 503 932 579 Syriae
953 504 1094 585 creditur,

90 609 174 670 quem
194 608 261 649 mox
281 590 364 649 buius
388 588 512 648 criminis
532 606 611 647 reum
634 595 731 665 putant
748 586 861 666 quidam
876 586 1013 648 mandata
1026 607 1094 668 pro·

89 676 227 750 laturum,
248 674 301 732 nisi
325 691 360 733 ea
384 680 499 732 secreto
517 679 662 731 ostentant
677 670 741 706 *⁴¹*
759 688 832 750 quae
849 671 1039 732 multifariam
1055 674 1094 733 in·
1127 741 1128 744 Ἴ

89 759 227 835 scriptum
249 766 277 816 et
302 775 355 835 per
377 764 480 816 noctes
501 754 677 814 creberrime
693 754 881 815 adclamatum
898 763 959 815 est:
984 755 1113 819 Reddas

89 840 320 901 Germanicum!
346 841 437 914 Quam
462 839 657 916 suspicionem
682 839 861 898 confirmavit
884 840 951 918 ipsa
978 850 1094 919 postes,
1127 871 1128 918 3

89 925 214 1002 coniuge
237 925 322 984 etiam
343 942 378 983 ac
399 922 500 982 liberis
516 921 678 983 Germanici
700 921 846 981 crudelem
866 923 895 981 in
913 922 1034 984 modum
1055 925 1094 985 ai·

90 1008 185 1070 dictis

47 1104 81 1157 53
152 1091 259 1151 Nurum
273 1090 481 1168 Agrippinam,
498 1097 565 1168 post
579 1089 670 1148 mariti
685 1097 807 1148 mortem
822 1087 942 1149 liberius
960 1091 1091 1169 quiddam

88 1185 233 1255 questam,
254 1192 338 1233 mauu
359 1172 549 1270 apprehendit
556 1171 744 1270 Graecoque·
754 1190 842 1232 versu
858 1170 895 1231 st
910 1191 975 1234 ιιοιι
993 1174 1087 1236 domi·
1077 1195 1117 1236 -ιι

87 1259 192 1332 noric,
213 1258 318 1335 iuquit,
334 1255 479 1334 filiolo,
467 1256 613 1315 solariam
630 1261 659 1316 tc
674 1255 818 1334 occipere
833 1255 1024 1318 emittimus?
1040 1276 1091 1318 nec

88 1343 148 1402 ullo
163 1358 231 1400 mox
245 1356 380 1400 sermone
396 1339 528 1417 diguatus
544 1348 597 1399 est.
631 1338 780 1415 Quondam
794 1356 866 1399 vero
881 1341 958 1399 inter
974 1359 1093 1401 caenam

89 1433 226 1505 porrecta
248 1441 264 1482 a
288 1441 321 1482 se
343 1440 428 1501 poma
444 1433 561 1499 gustare
577 1440 635 1482 non
653 1441 750 1483 ausam
767 1425 852 1483 etiarn
866 1440 981 1484 vocare
996 1425 1092 1502 desiit,

89 1507 224 1567 simulans
236 1507 341 1565 veneni
354 1525 387 1565 se
403 1507 520 1566 crimine
536 1507 661 1576 accersi;
679 1525 741 1566 cum
759 1515 972 1584 praestructum
988 1517 1092 1569 utrum·

90 1609 145 1669 que
161 1589 293 1649 consulto
310 1599 397 1666 esset,
416 1599 445 1649 ut
460 1599 488 1649 et
503 1590 567 1667 ipse
582 1589 737 1667 temptandi
749 1591 843 1667 gratia
860 1590 982 1651 offerret
999 1600 1031 1652 et
1046 1592 1091 1652 illa

90 1674 172 1752 quasi
194 1673 381 1733 certissimum
411 1674 526 1732 exitium
549 1682 675 1733 caueret.
712 1673 877 1733 Novissime
902 1675 1091 1737 calumniatus

88 1756 174 1816 modo
192 1756 228 1816 ad
244 1765 364 1817 statuam
375 1757 498 1833 Augusti
513 1757 599 1816 modo
615 1756 652 1816 ad
663 1757 810 1817 exercitus
826 1757 990 1835 confugere
1004 1760 1090 1837 velle,

88 1839 284 1900 Pandatariam
307 1841 466 1917 relegavit,
489 1841 713 1918 convitiantique
735 1840 850 1899 oculum
874 1858 928 1919 per
947 1844 1090 1905 centurio·

88 1942 153 1983 nem
169 1923 339 1983 verberibus
355 1924 492 1982 excussit.
521 1925 632 1984 Rursus
647 1941 720 1983 morr
713 1924 829 1984 'inedia
845 1924 1019 2004 destinanti,
1042 1944 1127 2038 per

88 2009 145 2066 vim
165 2023 216 2066 ore
238 2007 368 2082 diducto,
391 2007 515 2066 infulciri
540 2007 634 2066 cibum
651 2008 742 2066 iussit
775 2007 834 2066 Sed
851 2016 880 2067 et
897 2001 1127 2086 persceoran-,²

87 2101 144 2150 tem
167 2099 252 2168 atque
272 2092 310 2150 ita
326 2053 503 2168 absumptam
520 2092 755 2150 criminosissime
770 2091 928 2151 insectatus
944 2101 1005 2169 est,
1032 2110 1091 2153 curn

88 2174 162 2233 diem
175 2191 289 2252 quoque
301 2173 466 2233 natalem
440 2193 501 2234 erus
512 2175 586 2233 iuter
601 2174 732 2234 nefastos
743 2174 928 2234 referendum
941 2138 1090 2236 suabisset.

87 2257 239 2335 imputavit
255 2259 356 2333 etiam,
380 2258 456 2335 quod
471 2275 528 2316 nou
545 2258 650 2336 laqueo
669 2258 875 2335 strangulatam
890 2261 918 2318 iu
935 2258 1091 2321 Gemonias

87 2341 241 2400 abiecerit!
266 2358 377 2418 proque
405 2341 454 2400 tali
477 2341 628 2400 clementia
649 2343 795 2418 interponi
816 2342 964 2401 decretum
986 2362 1090 2421 passus

88 2432 150 2497 est,
173 2440 229 2499 quo
253 2423 306 2481 sibi
326 2425 604 2501 gratiaeagerentur
627 2434 655 2485 et
670 2423 835 2503 Capitolino
851 2424 915 2485 lovi
932 2425 1041 2486 donum
1058 2445 1090 2486 er

89 2522 158 2566 auro
175 2515 346 2564 sacraretur.

46 2593 80 2647 54
151 2586 220 2646 Cum
239 2607 276 2647 ex
291 2587 460 2649 Germanico
477 2599 537 2650 tres
554 2601 692 2669 nepotes,
714 2591 861 2652 Neronem
876 2600 905 2650 et
919 2591 1049 2653 Drusum
1066 2602 1090 2653 et
1114 2632 1120 2646 ι

89 2670 202 2746 Gaium,
227 2690 264 2730 ex
280 2672 375 2730 Druso
398 2692 481 2732 unum
498 2674 643 2734 Tiberium
664 2675 803 2749 baberet,
825 2675 979 2735 destitutus
997 2687 1090 2737 morte

87 2754 242 2815 liberorum
269 2757 408 2816 maximos
438 2765 504 2816 natu
534 2759 569 2818 de
596 2758 757 2820 Germanici
779 2758 862 2835 liliis,
887 2757 1039 2820 Neronem
1065 2769 1091 2820 et

86 2839 207 2898 Drusum
210 2839 361 2938 ‚patribus
378 2842 551 2919 conscriptis
563 2842 773 2903 commendavit
788 2841 922 2920 diemque
938 2845 1089 2943 utriusque

87 2924 209 2982 tirocinii
232 2925 380 3000 congiario
402 2925 499 3002 plebei
525 2925 591 2985 dato
613 2926 782 2986 celebravit.
815 2926 873 2986 Sed
888 2934 918 2985 ut
936 2929 1089 3006 comperit,

86 3006 200 3066 ineunte
216 3025 289 3066 auno
304 3025 356 3087 pro
373 3025 471 3067 eorum
488 3026 604 3086 quoque
619 3010 711 3069 salute
728 3009 845 3088 publice
860 3018 927 3069 vota
942 3021 1123 3090 suscepta,

87 3093 147 3166 egit
169 3109 231 3149 eum
248 3101 364 3167 senatu,
387 3111 448 3152 nora
464 3092 575 3152 debere
593 3094 671 3153 talio
683 3094 829 3171 proemio
845 3092 941 3153 tribui
954 3095 1020 3154 nisi
1036 3114 1088 3155 ec·
1116 3116 1121 3181 p

84 3174 228 3251 pertisct
242 3181 343 3235 aetate
355 3176 527 3253 provectis:
554 3186 639 3254 atque
657 3197 694 3237 ex
710 3195 762 3253 eo,
787 3178 957 3255 patefacta
948 3181 1124 3238 interiore.

87 3261 168 3316 animi
195 3260 237 3317 sui
264 3268 347 3335 nota,
376 3261 498 3318 omnium
521 3261 763 3320 criminationibus
786 3261 930 3320 obnoxios
954 3242 1120 3337 reddidit,a'

86 3343 221 3418 variaque
243 3343 343 3402 iraudc
369 3343 517 3420 inductos,
538 3354 568 3403 ut
590 3354 619 3403 et
636 3347 850 3404 concitarentur
865 3344 900 3403 ad
918 3347 1044 3406 convitia
1064 3356 1091 3405 et

88 3428 221 3483 concitati
239 3428 445 3503 proderentur,
463 3430 611 3488 accusavit
627 3448 680 3506 per
699 3430 810 3488 litteras
826 3429 1005 3488 amarissime
1022 3447 1090 3489 con·

86 3508 177 3578 gestis
200 3511 281 3566 etiam
299 3510 431 3588 probris,
453 3520 481 3569 et
493 3511 633 3572 iudicatos
649 3513 741 3571 hostis
756 3513 831 3572 lame
847 3514 977 3574 necavit:
996 3513 1090 3575 Nero·

1113 3672 1125 3815 l
