2256 3930
370 220 473 269 nrvus
489 221 732 270 vaseusmnns.
1001 211 1060 274 233

10 368 26 411 Ῥ
59 373 158 452 pilum
174 379 306 450 mutare,
322 392 386 435 coo
401 393 513 436 mores.
553 378 624 436 Sunt
642 387 742 438 contra
766 379 814 456 qui
836 379 1005 457 opinentur,
1026 378 1062 438 ad

10 478 29 517 s
61 457 208 517 manubias
232 466 261 516 et
284 459 400 538 rapinas
422 461 600 520 necessitate
625 461 804 541 compulsum
825 481 933 523 summa
958 465 1061 522 aerarii

10 561 29 601 ε
61 543 185 621 hscique
202 541 316 620 inopia;
334 541 370 601 de
387 560 442 621 qua
457 546 625 604 testificatus
648 548 684 604 sit
706 547 786 604 initio
803 547 896 605 statim
917 547 1059 625 principa-

10 626 30 697 3,
60 634 126 702 tus,
154 625 306 704 professus
330 626 581 707 quadrinpectics
599 630 710 689 millies
725 647 804 707 opus
822 647 899 704 csse,
915 637 949 689 nt
961 647 1058 708 resp.

10 723 53 773 ..s-t
61 717 152 772 stare
164 716 280 788 posset.
306 709 391 785 Quod
408 719 437 770 et
451 712 515 771 veri
531 713 649 771 similius
664 714 795 791 videtur,
811 712 923 792 quando
940 722 970 772 et
984 714 1059 773 male

10 804 24 845 τῖ’
59 795 154 873 partis
172 795 280 872 optime
295 811 365 853 usus
381 803 436 853 est.
475 794 508 854 ln
524 814 608 855 omne
623 796 766 856 hominum
781 816 874 873 genus
891 796 1058 856 liberalissi·
1068 813 1100 868 17

10 898 18 935 r
57 896 138 954 mus,
162 878 292 956 explevit
308 895 426 937 censum
450 881 638 956 senatorium,
662 881 831 939 consulares
851 883 955 959 inopes
979 882 1057 959 quin·

46 962 146 1039 ¹genis
164 963 306 1020 sestertiis
320 963 422 1042 annuis
438 967 618 1040 sustentavit,
635 965 772 1043 plurimas
789 982 841 1042 per
852 973 942 1023 totum
958 964 1059 1023 orbem

11 1104 15 1111 ,
59 1046 197 1105 civitates
211 1053 400 1104 terraemotu
416 1055 464 1106 aut
479 1048 613 1107 incendio
628 1047 750 1109 afflictas
767 1049 892 1107 restituit
907 1049 935 1106 in
947 1048 1058 1122 melius,

10 1129 180 1206 toingenia
201 1137 230 1188 et
250 1137 328 1188 artes
348 1129 396 1188 vel
419 1132 540 1190 maxime
562 1131 644 1191 fovit.
681 1131 790 1191 Primus
818 1149 835 1190 e
857 1133 928 1191 lisco
952 1131 1059 1191 Latinis
1068 1141 1102 1195 18

58 1213 242 1291 Graecisque
260 1211 427 1272 rhetoribus
441 1232 532 1274 annua
558 1226 680 1276 centena
701 1216 862 1284 constituit;
885 1217 1058 1293 praestantis

57 1305 178 1376 poetas,
193 1314 249 1356 nec
266 1313 324 1356 non
339 1305 368 1356 et
383 1298 526 1374 artifices,
544 1297 624 1359 Coae
640 1300 779 1376 Veneris,
796 1300 864 1358 item
880 1297 998 1358 Colossi
1013 1317 1057 1358 re·

56 1383 205 1442 lectorem
227 1381 332 1457 insigni
348 1382 498 1458 congiario
518 1400 679 1462 magnaque
695 1382 830 1442 mercede
847 1383 977 1451 donavit;
1000 1400 1058 1441 me-

58 1465 184 1526 chanico
200 1481 327 1542 quoque,
343 1465 463 1541 grandis
480 1466 627 1526 columnas
641 1469 745 1543 exigua
758 1468 888 1545 impensa
905 1467 1058 1546 perductu-

10 1556 46 1611 'le
57 1567 125 1609 rum
142 1549 170 1606 in
187 1546 361 1626 Capitolium
377 1549 545 1626 pollicenti,
565 1553 721 1627 praemium
738 1568 791 1629 pro
816 1560 977 1611 commento
1000 1567 1059 1609 non

57 1631 211 1691 mediocre
228 1631 340 1710 optulit,
357 1649 477 1710 operam
491 1634 610 1710 remisit,
625 1634 771 1712 praelatus
787 1634 900 1695 sineret
912 1653 945 1694 sc
953 1633 1056 1712 plebe·

59 1716 166 1777 culam
177 1732 322 1792 poscere.
358 1715 459 1791 Ludis,
478 1734 530 1793 per
546 1735 619 1796 quos
637 1736 744 1778 scaena
758 1718 937 1778 Marcelliani
955 1718 1059 1778 theatri
1068 1726 1101 1781 19

57 1801 196 1860 restituta
211 1798 407 1876 dedicabatur,
424 1808 525 1859 vetera
541 1818 659 1879 quoque
677 1811 840 1860 acroamata
855 1810 1056 1861 revocaverat.

58 1883 197 1963 Apellari
212 1882 355 1960 tragoedo
373 1883 600 1962 quadringenta,
617 1885 735 1962 Terpno
746 1884 936 1963 Diodoroque
956 1885 1057 1942 cithar-

10 1986 46 2049 ρο
59 1967 146 2028 ocdis
161 1967 282 2043 ducena,
300 1967 444 2027 nonnullis
454 1977 585 2043 centena,
605 1968 707 2046 quibus
719 1970 861 2027 minimum
869 1968 1058 2046 quadragena

58 2051 197 2112 sestertia
213 2068 301 2128 super
316 2050 454 2129 plurimas
470 2068 594 2111 coronas
612 2070 716 2111 aureas
738 2051 824 2110 dedit.
862 2051 920 2110 Sed
942 2059 971 2109 et
990 2067 1057 2108 con-

59 2133 214 2194 vivabatur
230 2134 355 2211 assidue,
375 2153 410 2194 ac
422 2137 539 2212 saepius
553 2144 635 2194 recta
651 2144 679 2194 et
692 2134 814 2212 dapsile,
831 2144 862 2193 ut
874 2133 1058 2194 macellarios

60 2218 220 2279 adiuvaret.
256 2217 349 2278 Dabat
365 2219 440 2277 sicut
449 2219 647 2278 Saturnalibus
659 2220 729 2278 viris
744 2218 938 2296 apophoreta,
955 2219 992 2276 ita
1004 2232 1058 2295 per

60 2302 108 2362 lll.
125 2301 207 2362 llart.
223 2302 350 2371 leminis;
375 2311 404 2361 et
425 2310 519 2362 tamen
535 2321 571 2361 ne
587 2305 629 2362 sic
646 2302 761 2380 quidem
777 2303 897 2380 pristina
920 2300 1057 2380 cupidita·

10 2389 99 2453 motis
116 2385 230 2445 infamia
245 2386 345 2444 caruit.
375 2385 563 2445 Alexandrini
579 2385 777 2461 Cybiosacten
794 2405 858 2445 eum
872 2403 981 2445 vocare
992 2403 1057 2464 per·

10 2506 17 2545 :
61 2477 282 2544 seueraverunt,
300 2471 474 2546 cognomine
490 2473 573 2529 unius
588 2489 605 2529 e
620 2470 740 2547 regibus
757 2471 815 2528 suis
831 2471 1058 2548 turpissimarum

10 2592 18 2629 3
61 2553 199 2614 sordium.
235 2552 337 2612 Sedet
353 2554 381 2612 in
396 2553 498 2613 funere
512 2553 609 2614 Fauor
624 2554 804 2614 archimimus
826 2572 979 2632 personam
996 2555 1058 2612 eius

10 2674 20 2709 2
60 2639 160 2698 lenens
173 2637 354 2715 imitansque,
371 2647 401 2697 ut
418 2646 463 2696 est
477 2655 551 2714 mos,
572 2639 649 2698 iacta
666 2657 700 2698 ac
716 2638 791 2698 dicta
808 2639 877 2714 vivi,
895 2640 1056 2713 interroga·

14 2754 22 2795 2
61 2724 97 2782 tis
113 2720 209 2800 palam
225 2721 480 2799 procuratoribus,
505 2724 601 2799 quanti
623 2723 707 2781 iunus
730 2731 758 2780 et
775 2740 881 2800 pompa
899 2728 1056 2795 constaret,

10 2815 91 2882 pout
109 2803 195 2882 audit,
212 2805 352 2865 sestertio
370 2805 513 2880 centiens,
532 2806 719 2882 exclamavit,
737 2813 855 2865 centum
870 2803 932 2864 sibi
944 2809 1055 2862 sester-

10 2928 17 2965 2
60 2889 106 2950 tio
121 2887 242 2964 dorent,
259 2905 298 2949 oc
313 2889 411 2948 secel
425 2888 456 2948 in
478 2887 610 2948 Tiberim
623 2890 808 2966 proicerent.

10 3042 13 3048 ,
124 2973 238 3032 Statura
254 2973 307 3031 fuit
318 2972 466 3050 quadrata,
485 2974 645 3050 compactis
658 2975 803 3050 firmisque
816 2969 961 3045 membris,
978 2968 1100 3027 vultule

10 3088 14 3097 ·
59 3056 150 3116 veluti
166 3056 297 3124 nitentis;
322 3055 358 3115 de
375 3073 432 3134 quo
449 3056 562 3134 quidam
583 3056 757 3115 urbanorum
777 3072 833 3113 non
857 3054 998 3112 infacete:
1021 3053 1056 3111 si-

60 3139 178 3218 quidem
194 3140 321 3218 petenti,
343 3149 372 3199 ut
386 3149 416 3198 et
432 3141 460 3198 in
478 3157 511 3198 se
531 3139 638 3216 aliquid
662 3139 787 3213 diceret,
808 3137 934 3210 Dicam,
957 3137 1056 3213 inquit,

17 3237 130 3284 acrem
149 3229 284 3283 ventrem
306 3241 481 3284 cconmcrc
496 3222 634 3282 desieris.
679 3222 843 3282 valitudine
861 3222 1057 3298 prosperrima

60 3326 132 3367 usus
147 3317 202 3384 est,
220 3308 349 3385 quamvis
365 3306 400 3365 ad
416 3306 549 3366 tuendam
565 3325 627 3365 eam
643 3305 711 3364 nihil
728 3305 849 3383 amplius
862 3323 945 3383 quam
957 3305 1057 3363 lauces

60 3402 220 3469 ceteraque
231 3390 357 3450 membra
370 3389 482 3449 sibimet
497 3391 688 3449 adnumerum
701 3391 728 3447 in
747 3388 953 3467 sphaeristerio
971 3387 1057 3447 deiri·

60 3484 152 3551 caret,
165 3474 346 3552 inediamque
359 3475 440 3532 unius
453 3473 509 3532 diei
522 3491 575 3552 per
587 3472 841 3550 singulosmenses
850 3473 1055 3551 interponeret.
