2286 3944
117 273 180 335 ato
223 282 254 330 c.
275 280 439 329 sunrorun
456 278 586 339 ranno.
600 278 751 325 nsrnuo.
764 275 913 328 uranon.
925 279 1118 340 nnnroumu.

118 437 204 498 trahit
218 446 350 515 tempus,
371 437 449 495 iners
466 436 529 494 sine
552 443 615 494 arte
631 443 660 493 et
679 433 787 493 nullius
801 434 897 494 oflicii
914 453 1024 515 capax,
1046 438 1131 513 piger'

119 539 173 601 per
188 522 282 581 omnia
299 537 389 597 aegro
406 519 514 597 similis,
525 521 627 595 segnis
641 527 770 577 semotus
784 537 800 579 a
817 518 1081 598 mlore1sciendil

181 604 259 664 Tuor
276 613 305 663 et
319 604 416 682 tueor]
430 612 495 663 tuor
508 604 605 679 rideo,
618 612 702 661 tueor
717 602 862 662 custodio.

183 690 310 767 Turpem
325 699 355 749 et
371 687 543 767 deformem}
561 689 653 764 turpis
670 688 746 763 vita,
766 687 908 746 deformis
926 691 1032 765 specie
1047 688 1113 746 intel·

120 776 238 852 legitur.
1125 799 1130 805 ·

183 859 295 919 Vadem
311 874 347 915 ac
367 873 538 934 sponsorem
560 864 589 915 et
606 854 755 934 praedem}
774 872 826 914 vas
849 856 899 933 qni
917 857 1014 933 ipsum
1029 875 1060 915 se
1075 863 1114 915 aut

122 943 199 1006 aliud
216 939 367 1022 quodlibet
383 957 437 1018 pro
454 940 511 1000 aiio
527 939 628 1017 tradit,
653 955 780 1017 sponsor
796 941 844 1014 qui
861 939 950 998 alium
967 942 1112 1019 sponsione

122 1046 173 1088 sua
189 1027 326 1104 suscipit,
347 1042 433 1103 praes
450 1026 497 1104 qui
515 1041 569 1103 pro
582 1041 615 1082 se
632 1023 717 1082 alium
735 1040 877 1100 praesens
892 1027 1041 1100 praesenti
1056 1023 1113 1083 dicit

121 1113 130 1171 i
202 1110 284 1170 tdat.

132 1111 150 1172 d
167 1130 303 1255 eVestem
317 1202 346 1251 et
356 1193 537 1270 vestimenta]
553 1192 768 1269 restisproprie
782 1191 954 1250 feminarum
972 1201 1024 1268 est,
1037 1191 1111 1250 vesti·

122 1289 247 1340 mentum
264 1280 397 1336 virorum.

183 1360 304 1425 Uvidum
323 1359 466 1419 humidum
485 1360 570 1418 udum
595 1368 623 1418 et
646 1357 799 1436 madidum]
819 1359 937 1419 uvidum
955 1361 1067 1440 penitus
1080 1360 1112 1416 in·

122 1448 228 1507 fectum
248 1453 303 1520 est,
316 1442 458 1503 madidum
473 1461 512 1503 ex
527 1463 583 1503 una
598 1451 691 1521 parte,
703 1441 936 1522 hnmidnmqnod
951 1444 986 1503 ad
1003 1441 1112 1502 medium

122 1547 213 1610 usquc
230 1530 372 1607 pervenit,
387 1527 471 1587 udum
485 1546 622 1587 summum
638 1535 743 1586 tactum
754 1535 860 1588 tantum
873 1529 1014 1607 cuiusque
1029 1528 1078 1586 rei.

183 1615 275 1673 Vetus
292 1621 320 1671 et
337 1613 493 1691 vetustum]
517 1622 601 1672 vetus
616 1630 694 1672 novo
711 1620 896 1690 comparatur
911 1631 951 1671 ex
967 1611 1111 1685 contrario,
1132 1633 1136 1645 ¹

123 1706 264 1757 vetustum
280 1696 316 1756 ad
331 1697 526 1774 antiquitatem
538 1697 672 1756 refertur.

185 1783 250 1841 Vim
270 1781 347 1839 vires
371 1789 400 1839 et
414 1781 567 1859 virtutem]
594 1781 636 1838 vis
657 1781 775 1839 iniuriae
798 1789 856 1858 est,
881 1781 962 1840 vires
984 1777 1113 1857 corporis,

123 1866 321 1926 virtusauimi.
883 1929 887 1934 ,

187 1951 318 2012 Ultorem
331 1958 359 2008 et
367 1948 519 2028 vindicem]
529 1949 693 2008 ulciscimur
711 1966 765 2008 uos
776 1957 900 2026 accepta
915 1944 1115 2026 iniuria,vindi·

126 2053 223 2096 camus
240 2053 278 2093 ne
293 2035 478 2112 accipiamus.

185 2121 301 2179 Vereor
318 2127 346 2178 et
363 2117 515 2194 revereor]
528 2135 635 2176 vereor
651 2115 686 2176 ad
701 2125 805 2175 metum
820 2115 964 2191 refertur,
985 2130 1117 2174 revereor

124 2203 159 2264 ad
171 2204 314 2263 allectum.
516 2209 517 2212 ’

187 2287 278 2349 Ulcus
294 2287 397 2345 vulnus
408 2294 437 2344 et
453 2284 581 2363 plagam]
596 2284 741 2362 nlcusper
756 2301 788 2343 sc
803 2285 862 2342 exit
878 2292 926 2342 aut
943 2283 975 2341 lit
993 2283 1118 2340 intrinse-

126 2390 176 2431 cus
190 2389 227 2430 ex
244 2370 399 2445 se‚vulnus
416 2388 452 2428 ex
465 2369 544 2428 ferro
561 2371 601 2446 lit,
619 2368 706 2446 plaga
726 2368 827 2447 planus
842 2369 917 2427 ictus
933 2374 994 2436 est;
1011 2362 1118 2444 etquod

124 2455 205 2514 ulcus
229 2454 354 2513 levitatis
377 2462 437 2529 est,
460 2452 564 2511 vulnus
580 2453 748 2529 gravitatis,
771 2451 878 2530 plagae
896 2451 983 2510 etiarn
1000 2449 1135 2509 verbera

123 2545 271 2598 vocantur.

185 2621 371 2682 Voluntatem
392 2628 420 2678 et
436 2619 626 2696 voluptatem]
648 2620 781 2680 voluntas
803 2618 886 2680 animi
910 2626 970 2695 est,
991 2617 1120 2699 voluptas

125 2707 268 2784 corporis.

175 2789 286 2849 ¹Virum
302 2797 331 2846 et
345 2787 514 2866 masculum]
532 2788 575 2847 vir
589 2791 691 2867 specie
707 2787 895 2864 intellegitur,
911 2785 1059 2846 masculus
1073 2802 1120 2862 ge·

126 2891 211 2942 nere;
230 2881 259 2932 et
282 2871 360 2951 quod
372 2871 416 2931 vir
434 2871 524 2931 trihus
540 2872 633 2932 modis
651 2873 807 2951 accipitur,
830 2879 931 2931 natura
944 2871 1054 2948 nuptiis
1068 2870 1120 2927 vir·

125 2966 200 3028 tutc;
216 2956 361 3017 masculus
374 2957 457 3017 etiam
469 2955 504 3016 ab
520 2956 634 3016 homine
651 2965 834 3036 segregatur.

188 3041 306 3102 Vultum
321 3050 350 3101 et
365 3041 469 3101 faciem
484 3039 540 3101 hoc
553 3041 663 3118 differt,
683 3039 760 3121 quod
775 3039 871 3099 vultus
890 3038 975 3098 animi
991 3037 1122 3098 indicium

125 3133 185 3202 est,
203 3125 294 3184 iacies
317 3126 377 3184 oris
398 3125 521 3203 positio;
543 3135 572 3185 et
589 3125 683 3185 vultus
707 3123 846 3184 interdurn
870 3130 1014 3197 mutatur,
1035 3121 1123 3182 lacios

123 3216 233 3349 mpnet3
249 3207 317 3267 lice*
334 3219 355 3256 at
379 3227 432 3260 nna
471 3228 498 3248 rr
515 3226 567 3252 ”o
585 3209 638 3266 ulia
655 3227 746 3268 saeue
762 3216 952 3268 commutetur
970 3207 1000 3265 in
1015 3222 1124 3285 genero

124 3307 137 3348 r
176 3309 276 3371 sper-m
