2256 3930
417 225 465 271 on
481 222 712 271 aaaronrnaa.
1004 210 1066 273 269

59 390 161 458 antea,
178 380 360 441 declamavit.
394 378 530 455 Plerique
548 386 642 437 autem
658 386 804 436 oratorum
824 379 908 438 etiarn
923 377 1065 438 declama·

59 468 155 526 tiones
184 464 344 524 ediderunt.
384 462 481 536 Quare
510 479 613 537 magno
639 459 733 520 studio
757 460 919 520 hominihus
946 463 1065 537 iniecto,

59 566 165 626 magna
180 550 266 608 etiarn
282 546 479 625 professorum
492 562 526 604 ac
539 543 688 604 doctorum
704 544 841 622 profluxit
859 547 963 623 copia,
980 545 1066 605 adco-

60 650 117 712 que
134 632 248 708 floruit,
270 638 300 689 ut
316 628 445 688 nonnulli
461 646 499 687 ex
515 628 612 688 infima
625 629 740 688 lortuna
759 629 787 686 in
802 627 932 688 ordinem
954 638 1067 689 senato-

36 718 135 776 arium
151 724 238 793 atque
252 714 289 774 ad
305 729 429 772 summos
444 712 573 771 honores
589 713 797 790 processerint.

125 799 185 859 Sed
200 801 273 858 ratio
289 796 412 857 docendi
431 814 487 855 nec
507 813 562 855 una
582 795 731 872 omnihus,
751 813 806 854 nec
827 796 949 873 singulis
968 796 1068 857 eadern

60 900 178 961 semper
195 882 263 958 luit,
282 880 395 960 quando
410 883 491 940 vario
506 880 592 939 ruodo
608 882 729 958 quisque
746 878 906 958 discipulos
927 898 1067 940 exercue-

59 976 136 1026 runt.
164 965 237 1025 Nam
253 975 282 1025 et
297 965 372 1025 dicta
389 964 540 1043 praeclare
556 983 609 1043 per
623 981 721 1023 omnes
734 963 857 1040 figuras,
876 983 928 1042 per
944 982 1029 1023 casus
1040 973 1069 1023 et

61 1050 212 1130 apologos
234 1048 318 1108 aliter
338 1058 425 1126 atque
449 1048 533 1107 aliter
556 1066 719 1126 exponere,
750 1057 779 1106 et
805 1050 986 1107 narrationes
1006 1067 1069 1108 curn

28 1147 51 1190 to
62 1134 192 1193 breuiter
205 1151 240 1192 ao
255 1151 358 1212 presse
373 1141 430 1191 tum
445 1132 529 1191 latius
544 1141 573 1191 et
586 1132 702 1192 uherius
717 1131 868 1210 explicare
885 1140 1067 1199 consuerant

60 1217 204 1279 interdurn
226 1215 401 1276 Graecorum
425 1217 533 1293 scripta
562 1224 751 1293 convertere,
778 1233 812 1275 ac
839 1217 920 1275 uiros
940 1215 1069 1274 illustres

60 1301 182 1363 laudare
203 1300 252 1360 vel
273 1301 453 1377 vituperare;
483 1298 621 1376 quaedam
649 1301 735 1359 etiam
757 1299 792 1358 ad
811 1316 892 1358 usum
914 1300 1069 1359 communis

60 1387 139 1446 vitae
167 1386 295 1444 instituta
319 1392 376 1442 turn
402 1382 483 1442 utilia
504 1392 533 1441 et
554 1385 737 1459 necessaria,
764 1393 822 1442 turn
850 1385 1016 1462 perniciosa
1040 1394 1069 1444 et

62 1485 282 1548 supervacanea
299 1466 470 1535 ostendere;
489 1484 578 1545 saepe
593 1466 700 1526 labulis
716 1467 801 1527 fidem
822 1469 936 1529 firmare
958 1479 1005 1530 aut
1020 1469 1068 1530 (le-

30 1567 160 1628 rsrnere,
183 1551 259 1630 quod
278 1569 371 1627 genus
393 1550 483 1609 thesis
505 1559 534 1608 et
555 1568 714 1610 anasceuas
729 1561 758 1610 et
779 1561 948 1614 catasceuas
965 1553 1068 1614 Graeci

63 1643 187 1704 vocant;
205 1634 301 1696 donec
317 1636 424 1694 sensim
438 1633 512 1692 haec
527 1634 735 1713 exoleverunt,
753 1645 781 1695 st
793 1636 828 1696 ad
841 1641 1069 1697 controversiam

64 1729 181 1780 rentum
197 1727 251 1778 est.

126 1804 253 1863 Veteres
272 1803 490 1862 controversiae
508 1810 554 1861 aut
575 1820 613 1861 ex
627 1802 755 1861 historiis
771 1803 972 1881 trahebantur,
995 1807 1070 1864 sicut

64 1905 135 1947 sane
155 1886 308 1946 nonnullae
327 1903 419 1964 usque
442 1884 548 1962 adhuc,
571 1894 618 1944 aut
642 1904 679 1944 ex
696 1889 820 1946 veritate
840 1906 874 1946 ac
896 1906 946 1962 re,
967 1890 991 1947 si
1014 1907 1069 1966 qua

10 1988 24 2049 p
36 1972 143 2030 rolorte
159 1987 264 2030 recens
282 1968 451 2037 accidisset3
469 1971 566 2046 itaque
578 1969 710 2028 locorum
725 1973 810 2030 etiam
824 1971 1069 2049 appellationibus

10 2064 23 2123 “,·
66 2053 170 2114 additis
191 2055 317 2134 proponi
340 2053 483 2113 solebant
521 2053 570 2112 Sic
593 2064 672 2113 certe
697 2054 838 2117 collectae
861 2053 1013 2131 editaeque
1036 2072 1069 2113 se

10 2128 32 2219 ’ξ
65 2137 187 2214 hahent,
213 2155 251 2196 ex
266 2136 369 2215 quibus
383 2155 441 2196 non
458 2137 582 2196 alienum
596 2138 682 2196 fuerit
693 2155 776 2197 unam
795 2146 823 2195 et
838 2137 957 2196 alteram
972 2156 1069 2197 exem·

66 2221 106 2301 pli
123 2239 211 2281 causa
230 2221 265 2281 ad
282 2221 399 2280 verbum
413 2221 534 2281 referre.

10 2210 32 2413 ξ
127 2301 254 2365 Aestivo
276 2311 414 2383 tempore
435 2305 645 2366 adolescentes
659 2304 774 2365 arbaui
794 2323 861 2365 euru
878 2301 996 2364 Ostiam
1018 2322 1068 2364 oe·

10 2418 26 2467 ,ς-
37 2388 202 2465 ²tuissent,
226 2389 333 2450 litus
320 2389 467 2468 cupressi,
487 2389 665 2465 piscatores
680 2389 835 2449 trahentes
848 2395 914 2449 rete
929 2388 1071 2448 adieruut

10 2480 12 2484 '
66 2479 95 2533 et
107 2473 308 2551 pepiperuut,
326 2471 428 2532 bolum
444 2473 552 2550 quauti
568 2479 719 2543 emercut,·
739 2490 878 2533 nummos
893 2473 1070 2542 solaeruut,·

20 2556 122 2616 diu
143 2563 399 2653 expectaverant,
424 2556 496 2616 dum
518 2558 600 2616 retia
620 2576 658 2616 eu
660 2557 877 2628 trahereutur,·
902 2556 1070 2636 aliquando

13 2639 236 2729 ἰ«εωιναοῑιέ,
267 2641 365 2718 piscis
389 2640 493 2700 uultus
514 2638 618 2720 affuit,
645 2642 702 2701 sed
720 2650 830 2719 sporta
859 2641 931 2700 auri
950 2640 1069 2700 obsuto.

10 2702 147 2784 Tum
162 2729 315 2801 emptores
332 2722 433 2784 bolum
448 2742 535 2783 suurn
551 2725 652 2801 aiuut,
667 2727 844 2803 piscatores
859 2742 957 2784 suum

10 2762 56 2881 ξθθ
141 2804 278 2868 Venalici
292 2826 358 2868 eauu
369 2806 530 2867 Brundusi
541 2827 662 2887 precem
674 2810 828 2869 uenalium
844 2825 947 2868 euaoa
943 2805 1068 2866 educe·

63 2897 151 2968 rsut,
166 2890 306 2969 formoso
322 2897 352 2951 et
362 2892 499 2968 pretioso
512 2910 626 2969 puero,
643 2893 726 2971 quod
735 2894 906 2971 portitores
922 2889 1070 2950 uereban-

64 2982 135 3050 tur,
160 2974 275 3034 bullam
289 2981 317 3034 et
327 2981 551 3052 praetereant
552 2994 641 3053 opauu
655 2977 884 3053 imposueruut;
896 2974 994 3053 facile
1009 2971 1071 3050 fal·

64 3058 185 3120 laciam
203 3058 352 3119 celarunt.
379 3057 509 3118 liouuaru
525 3061 662 3136 aeuitur,
678 3077 729 3119 res
746 3058 868 3137 capuita
880 3066 941 3133 est,
959 3056 1074 3134 petitur

62 3161 167 3225 puer,
192 3141 275 3221 quod
300 3141 416 3202 domiui
436 3143 592 3203 voluntate
611 3141 708 3220 faerit
726 3140 819 3216 liber,
839 3141 872 3200 iu
893 3140 1072 3202 libertatern.

18 3221 148 3288 86ΟΙίιῐι
175 3236 269 3286 autern
293 3244 343 3286 eas
366 3225 579 3304 appellationes
604 3227 715 3287 Graece
744 3224 889 3300 synthesis
917 3223 1073 3292 vocabant;

67 3329 141 3371 mox
157 3311 372 3370 controversias
388 3306 523 3387 quidem,
541 3309 592 3368 sed
613 3317 660 3368 aut
674 3309 755 3368 fictas
771 3318 818 3367 aut
836 3307 995 3367 iudiciales.

10 3453 12 3457 .
133 3393 266 3453 lllustres
276 3393 472 3471 professores,
489 3402 517 3451 et
530 3411 650 3470 quorum
661 3394 796 3451 mensoria
810 3392 902 3470 aliqua
914 3401 1003 3469 extet,
1017 3407 1074 3450 non

67 3489 182 3540 temere
198 3475 246 3538 alii
261 3477 444 3554 reperientur
459 3493 542 3555 quam
560 3476 595 3534 de
612 3475 714 3554 quihus
727 3475 843 3534 tradam.
