2286 3944
103 143 167 207 {tto
374 150 402 198 c.
427 149 592 198 sunnoun
613 146 831 206 namuurum

167 307 245 367 luter
260 303 451 364 Saturnalium
467 312 495 362 et
510 301 750 378 saturnaliorum]
775 301 800 359 si
814 299 920 361 dixero
938 299 1105 361 Saturnaliu-

105 411 167 453 rum
181 400 211 450 ut
225 389 438 464 subselliorum,
455 386 624 446 Saturnaliis
638 385 709 445 lacit
720 393 750 443 ut
764 384 933 454 subselliie;
952 393 982 444 et
999 383 1104 444 ideodi·

108 478 196 537 cimus
212 473 419 549 Saturnalium,
437 480 467 531 ut
483 471 575 548 possit
589 470 652 528 lieri
671 468 881 528 Saturnalibus.

169 557 248 617 lnter
271 556 354 614 alium
378 565 407 615 et
428 555 548 614 alterum
570 553 627 612 hoc
641 555 778 629 interest,
800 552 881 631 quod
896 551 974 613 alter
990 571 1026 612 ex
1042 551 1099 611 duo·

107 643 181 716 bus,
198 641 271 698 alius
287 638 432 699 exturba.
1106 657 1115 697 t

171 724 249 784 Inter
264 741 389 800 gnavum
408 732 436 781 et
451 721 582 799 gnarum]
604 722 722 797 ignarus
738 728 782 779 est
793 720 921 797 inscius,
934 738 1043 798 gnarus
1056 729 1102 779 tra·

109 810 152 869 hit
167 809 421 884 significationem
447 805 583 885 [gnavus]
607 803 685 882 quod
706 805 731 863 si
746 806 770 863 is
795 805 844 882 qui
866 803 949 879 celer
967 814 1012 864 est
1027 821 1103 863 navus

112 902 173 967 est,
195 893 243 968 qui
265 892 351 969 piger
365 899 410 949 est
434 892 570 966 ignavus;
586 905 693 965 gnarus
710 897 804 947 autem
818 887 925 947 dicitur
943 891 1057 964 sciens,
1073 905 1103 947 er

113 977 258 1036 contrario
278 974 442 1052 colligimus
455 975 585 1050 ignarum
601 990 667 1031 esse
685 974 865 1032 inscientem.

176 1057 290 1134 Cornu,
314 1075 449 1132 cornum,
473 1073 578 1115 cornus
595 1055 662 1134 qnid
677 1055 820 1115 differunt.
855 1054 985 1116 Cornum
1003 1071 1122 1135 pomutuu

113 1143 271 1219 significat,
286 1141 356 1201 lacit
372 1143 446 1199 enim
465 1157 566 1207 corna:
586 1156 675 1199 cornu
688 1139 775 1198 telum
795 1140 957 1218 significat,
978 1149 1103 1218 tamquam

112 1243 206 1302 genu,
229 1225 298 1283 lacit
315 1226 389 1284 enim
408 1241 514 1283 cornua
537 1232 680 1301 tamquam
696 1241 805 1301 genua;
838 1240 946 1283 cornus
961 1233 1050 1282 autem
1069 1230 1104 1280 est

113 1309 211 1372 arbor.

175 1397 252 1450 inter
280 1391 326 1450 lac
355 1390 413 1449 lact
435 1399 463 1448 et
491 1390 585 1468 lacte}
609 1391 657 1450 lac
679 1399 707 1450 et
730 1389 789 1449 lact
808 1407 867 1450 non
886 1400 970 1452 recte
991 1391 1104 1465 dicimus,

114 1473 303 1552 quianullum
323 1490 430 1533 nomen
448 1475 476 1532 in
495 1491 511 1532 c
529 1474 625 1533 littera
641 1475 761 1551 desinit,
786 1474 838 1552 [lta
852 1493 909 1535 nec
931 1475 987 1535 duc
1001 1493 1052 1535 nec
1065 1474 1125 1532 tana

112 1566 223 1616 rectum
241 1565 284 1615 est
299 1575 355 1615 nec
372 1557 446 1635 lac;]
465 1558 617 1637 nec(lact)
632 1560 686 1617 int
701 1558 793 1617 littera
808 1558 926 1637 aliquod
939 1576 1043 1619 nomen
1055 1558 1104 1617 ini·

113 1650 173 1708 tur;
190 1657 264 1716 ergo
281 1640 359 1719 quod
373 1650 525 1720 superest,
542 1642 660 1701 dicimus
678 1641 764 1702 lacte.

178 1722 238 1782 Cor
259 1741 294 1782 an
313 1726 392 1804 cors]
418 1723 516 1784 Omnia
535 1743 608 1802 quae
624 1726 802 1785 consuetudo
819 1727 924 1786 vitiosa
939 1727 1029 1804 lecit,
1047 1723 1104 1784 anti·

116 1809 210 1886 quitus
226 1808 398 1868 emendavit.
429 1807 488 1868 Gor
503 1810 681 1867 assuevimus
699 1810 813 1879 dicere;
835 1828 871 1870 an
885 1819 969 1870 recte
985 1810 1105 1883 dicamus,
1142 1819 1143 1831 ¹

117 1910 154 1951 ex
172 1894 327 1971 conposito
347 1893 541 1969 intellegimus
565 1901 593 1951 et
615 1893 659 1951 his
682 1911 756 1972 quae
777 1895 879 1953 mutari
894 1913 953 1955 non
970 1899 1125 1974 poturanus

116 1976 236 2036 dicimus
258 1979 333 2036 euim
358 1994 463 2037 excors
484 1986 512 2035 et
532 1994 658 2053 vecors,
679 1995 737 2037 non
761 1994 851 2037 excor
875 1987 905 2038 et
925 1996 1033 2046 vecor;
1050 1974 1106 2036 etsi

117 2070 197 2120 esset
213 2079 273 2137 cor,
291 2063 368 2121 coris
382 2062 503 2121 laceret.
519 2060 602 2120 Nunc
615 2080 678 2120 cnm
692 2079 743 2120 cor
756 2061 853 2120 cordis
866 2063 972 2141 iaciat,
989 2062 1106 2122 existimo

115 2147 155 2204 ita
173 2161 264 2223 posse
280 2146 345 2204 dici.

180 2228 275 2288 Rusus
304 2247 339 2287 an
368 2230 479 2308 rursus]
511 2231 536 2288 si
556 2248 655 2288 rursus
680 2231 781 2287 iterum
799 2230 959 2308 significat,
983 2228 1108 2289 debemus

116 2330 216 2370 rursus
231 2313 275 2370 si'c
290 2314 420 2373 scribere
436 2323 577 2392 tamquam
592 2314 693 2372 iterum
709 2330 762 2390 per
778 2332 793 2371 r
814 2313 952 2382 litteram;
975 2330 1032 2373 non
1049 2309 1128 2372 dici-u

115 2413 177 2452 mus
199 2396 273 2452 enim
293 2397 395 2472 iteum,
419 2406 448 2455 et
469 2398 588 2456 dicimus
613 2405 754 2474 tamquam
777 2413 912 2476 quorsum
934 2406 964 2456 et
979 2411 1107 2469 seorsum,

115 2495 173 2536 non
189 2495 310 2553 quosum
327 2489 356 2538 et
371 2497 497 2539 seosnm.

179 2555 315 2619 Tribunal
340 2581 375 2622 an
400 2563 544 2622 tribunale
567 2572 595 2622 et
622 2565 723 2624 animal
746 2583 780 2624 au
803 2564 941 2642 animale]
969 2562 1108 2624 Procellus

117 2654 171 2704 art:
190 2661 269 2722 qnae
281 2645 292 2704 l
306 2645 410 2706 littero
422 2647 571 2724 finiuntur
588 2648 620 2706 in
635 2647 855 2724 declinatione,
876 2647 1036 2728 geminant
1045 2663 1108 2708 eon·

117 2728 184 2788 dem
196 2727 339 2805 litterum,
356 2736 511 2810 tamquam
522 2731 581 2791 met
592 2732 689 2791 meilis
700 2731 893 2811 asciscitis,
910 2731 994 2811 fucit
1003 2733 1048 2792 ito
1062 2729 1130 2792 tri-ll

118 2811 213 2873 buenni
229 2813 405 2875 tribunatius
420 2822 448 2874 et
465 2815 583 2876 animal
599 2816 764 2876 nnimuilis.
797 2815 856 2875 Sed
868 2817 987 2892 erravit,
1001 2817 1110 2894 primum

117 2898 184 2975 quia
199 2899 396 2973 monosyllaba
412 2901 440 2958 in
456 2899 592 2977 exemplo
613 2902 724 2979 posuit,
745 2899 848 2959 deinde
864 2902 1024 2979 quaquiare
1038 2900 1048 2959 l
1062 2914 1110 2958 uon

117 2983 245 3056 geminat
260 3001 315 3042 nec
326 2984 399 3062 vigil
414 3002 468 3043 nec
484 2984 574 3062 pugil.
625 2980 672 3044 Ita
688 2984 807 3043 dicimus
821 2985 878 3044 hoc
893 2983 1037 3044 tribunale
1052 2993 1111 3042 tam·

119 3067 384 3142 quamagileiacile
400 3068 506 3143 docile,
523 3068 610 3145 agilia
625 3068 721 3139 facilia
737 3067 842 3126 docilia
857 3065 1020 3128 tribunalia.
1040 3069 1112 3142 Quae

118 3147 146 3205 ia
163 3150 190 3206 in
205 3151 309 3227 plurali
330 3170 447 3212 numero
463 3153 605 3228 liniuntur,
622 3169 656 3211 ea
672 3151 785 3210 eumad
802 3150 980 3228 singularem
996 3155 1136 3227 veniuntu

118 3248 135 3288 e
147 3230 241 3293 littera
256 3237 448 3295 terminantur.
1010 3242 1015 3249 '

181 3314 314 3377 Cervical
336 3337 370 3378 an
392 3318 549 3396 cervicale]
573 3337 627 3377 nec
652 3319 779 3379 cervical
803 3338 859 3378 nec
878 3320 1027 3380 cervicale
1041 3327 1117 3380 recte

117 3396 233 3464 diuitum
254 3409 298 3459 est
318 3403 392 3461 enim
407 3403 556 3482 epitheton
571 3409 600 3459 et
611 3418 703 3476 genus
720 3402 755 3459 ab
778 3419 813 3461 eo
836 3402 914 3482 quod
931 3413 1060 3464 accessit
1075 3419 1118 3464 ao
