2256 3930
383 211 488 261 mnus
507 213 635 261 munus.
973 202 1012 261 25

91 383 154 425 cum
170 363 284 425 =Gaesar
305 365 444 444 pleraque
464 375 494 425 et
512 384 586 445 quae
602 385 657 446 per
675 367 749 427 alios
772 377 853 426 erant
872 376 958 444 gesta
972 375 1013 427 te·

76 469 93 510 e
113 448 285 526 crediderit,
307 457 337 507 et
351 467 424 528 quae
439 467 492 527 per
503 466 551 528 se,
573 450 621 510 vel
639 451 774 510 consulto
789 451 837 510 vel
856 454 941 512 etiam
954 469 1013 511 me·

78 536 105 594 ia
124 534 223 611 lapsus
245 549 400 611 perperam
421 532 557 603 ediderim
583 535 784 613 existimatque
805 537 1013 614 rescripturum

76 625 256 677 orreuturum
270 616 371 675 inisse.
407 617 542 695 Reliquit
553 627 588 677 :et
603 618 641 678 de
654 615 811 698 Anulopt'u
830 619 903 678 duos
922 619 1014 679 libros

76 699 258 761 loricatorum
273 699 407 777 totidem,
423 719 458 761 ac
472 709 626 780 praetcrea
639 719 744 780 poema
757 702 835 780 quod
849 703 1014 762 inscribitur

80 830 86 843 .
127 785 255 858 Quorum
275 783 414 843 librorum
434 785 586 862 prlmos‘in
603 787 728 846 transitu
742 785 873 865 Alpium,
897 805 959 846 oum
976 805 1014 846 es

76 870 150 926 riore
175 867 266 928 Gallia
289 868 479 927 conuentibus
501 870 629 946 peractis
649 868 685 928 ad
710 871 869 929 exercitum
893 870 1013 947 rediret,

76 961 169 1010 rentes
190 950 242 1009 sub
264 959 377 1030 tempus
398 951 565 1012 Mundensis
580 953 691 1031 proelii
710 952 797 1022 lecit;
813 955 1013 1031 nosissimum,

89 1035 125 1094 ab
139 1033 212 1093 urbe
228 1036 257 1093 in
269 1034 438 1113 'llispmriam
452 1036 621 1095 ulteriorem
635 1044 736 1115 quarto
745 1044 779 1096 et
791 1038 952 1097 uicensimo
967 1037 1014 1096 die

76 1120 155 1178 renit.
199 1117 350 1196 Epistulae
370 1137 484 1197 quoque
509 1121 570 1178 eius
590 1119 626 1180 ad
646 1128 779 1180 senatmn
803 1128 917 1197 estant,
944 1139 1014 1199 quas

76 1221 119 1261 rus
135 1203 251 1261 uidetur
267 1202 307 1262 ad
325 1205 450 1281 paginas
466 1212 495 1262 et
514 1203 635 1264 formam
648 1203 825 1264 memorialis
838 1203 931 1264 libelli
946 1221 1013 1263 oon·

76 1289 152 1364 isse,
182 1304 246 1345 cum
269 1295 354 1346 antea
377 1287 513 1347 consules
540 1296 569 1346 et
592 1287 682 1348 duces
707 1288 824 1347 nonnisi
849 1295 1015 1349 transversa

76 1380 111 1430 ta
127 1371 251 1448 scriptas
271 1372 425 1429 mitterent.
458 1371 566 1431 Extant
585 1380 614 1430 et
633 1371 668 1431 ad
683 1369 873 1448 Ciceronem,
893 1373 962 1432 item
979 1369 1015 1430 ad

79 1455 167 1514 liares
188 1453 357 1513 domesticis
378 1454 414 1514 de
434 1454 539 1530 rebus,
558 1456 591 1514 in
612 1455 731 1534 quibus,
752 1456 776 1513 si
797 1473 853 1533 qua
871 1455 1015 1515 occultius

76 1537 186 1598 'erenda
201 1546 300 1614 erant,
317 1556 376 1616 :per
397 1547 484 1598 notas
508 1539 639 1617 scripsit,
663 1538 758 1599 idest
776 1540 822 1598 sic
839 1547 954 1599 structo
969 1538 1013 1597 lit-

76 1638 136 1681 rum
152 1621 268 1699 ordine,
284 1631 315 1681 ut
333 1622 440 1683 nullum
453 1622 575 1682 aerbum
589 1623 667 1683 ellici
683 1631 800 1701 posset:
823 1641 896 1701 quae
911 1624 935 1681 si
950 1623 1014 1700 quis

79 1708 232 1782 stiganeet
246 1707 384 1784 persequi
397 1707 496 1784 uolet,
512 1714 640 1786 quartam
656 1706 865 1767 elementorum
879 1707 1014 1782 litteram,

76 1798 98 1848 st
112 1788 137 1848 Ι)
153 1806 207 1868 pro
223 1789 250 1848 Α
265 1799 295 1849 et
307 1789 432 1869 perinde
442 1791 573 1870 :reliquas
589 1799 752 1851 commutet.
790 1789 938 1849 elieruntur
954 1799 1015 1849 eta

76 1891 103 1932 ro
119 1882 148 1932 et
164 1872 199 1932 ab
215 1873 434 1933 adulescentulo
451 1874 591 1953 quaedam
599 1875 729 1952 scripta,
751 1881 782 1932 ut
796 1871 923 1934 desudes
935 1872 1013 1934 ller-

76 1975 105 2028 s,
133 1957 284 2034 tragoedia
310 1955 464 2035 Oedipus,
485 1960 560 2017 item
584 1956 679 2018 Dicto
707 1956 914 2018 collectanea:
942 1973 1015 2034 quos

76 2043 104 2099 ,is
132 2040 249 2100 libellos
273 2043 366 2100 vetuit
384 2041 531 2118 Augustus
552 2040 695 2119 publicari
714 2042 748 2099 ⁴in
769 2041 907 2118 epistula,
932 2057 1015 2118 quam

76 2141 132 2183 rem
153 2123 304 2185 admodum
323 2143 359 2184 ac
372 2125 541 2203 simplicem
561 2124 597 2184 ad
618 2125 785 2202 Pompeium
805 2124 948 2199 Macrum,
970 2124 1016 2181 cui

76 2207 185 2266 nendos
201 2208 395 2267 bibliothecas
411 2208 618 2284 delegaverat,
633 2210 719 2266 misit.

76 2291 228 2351 Armorum
249 2301 279 2351 et
300 2291 446 2370 equitandi
471 2292 681 2370 peritissimus,
704 2289 814 2350 laboris
828 2290 908 2349 ultra
931 2289 1057 2349 ddemti

76 2393 126 2433 ens
143 2385 214 2436 erat.
245 2375 278 2435 ln
295 2377 409 2452 agmine
422 2392 635 2454 nonnumquam
652 2391 744 2452 equo,
759 2374 876 2451 saepius
893 2371 1015 2451 pedibus

76 2458 155 2533 ibat,
175 2465 270 2538 capite
288 2459 422 2537 detecto,
444 2477 497 2518 seu
517 2459 564 2518 sol
582 2477 634 2519 seu
655 2457 748 2517 imber
764 2465 859 2526 esset;
878 2455 1015 2533 longissi-

95 2560 157 2601 mas
181 2542 345 2603 incredibili
366 2543 516 2604 celeritate
540 2543 686 2618 coniecit,
709 2540 876 2620 expeditus,
898 2542 1015 2599 merito·

76 2626 156 2702 reda,
180 2636 302 2687 centena
317 2645 452 2706 passuum
467 2627 548 2688 milia
563 2628 591 2686 in
609 2625 741 2704 singulos
760 2625 837 2694 dies;
861 2625 886 2683 si
902 2623 1016 2683 flumina

76 2719 209 2787 arentur,
229 2711 323 2771 nando
345 2713 483 2772 traiciens
507 2711 555 2770 vel
577 2713 690 2771 innixus
711 2709 816 2770 indetis
836 2707 963 2783 utribus,
987 2715 1017 2765 ut

76 2812 159 2871 saepe
173 2797 289 2854 nuntios
308 2795 344 2854 de
362 2814 395 2854 se
411 2796 607 2874 praevenerit.
639 2793 832 2854 lnobeuudis
848 2789 1061 2870 expeditio-58

76 2897 94 2936 s
112 2877 225 2936 dubium
244 2880 356 2938 cautior
372 2897 407 2940 an
422 2879 589 2956 audentior,
612 2880 772 2938 exereitum
788 2893 884 2953 neque
902 2893 956 2954 per
975 2875 1016 2932 in·
1060 2910 1070 2918 -

76 2979 121 3020 rsa
143 2963 246 3022 itinera
268 2963 348 3022 duxit
364 2980 495 3041 umquam
507 2963 567 3021 'nisi
579 2961 805 3041 perspeculatus
823 2959 956 3018 locorum
977 2957 1016 3015 si-

89 3059 184 3124 neque
203 3048 232 3105 in
243 3045 422 3107 Britanniam
437 3047 616 3122 transvexit,
640 3046 696 3104 nisi
707 3053 778 3104 ante
795 3061 849 3121 per
859 3060 899 3100 :se
916 3049 1017 3119 portus

76 3132 285 3206 navigationem
303 3139 338 3190 :et
361 3148 512 3190 accessum
538 3129 574 3190 ad
599 3128 720 3188 insulam
740 3126 941 3204 explorasset.
979 3121 1018 3182 At

76 3232 104 3289 n,
129 3213 303 3272 obsessione
327 3222 487 3274 castrorum
508 3215 537 3272 in
553 3212 704 3273 Germania
716 3211 865 3286 nuntiata,
885 3224 939 3286 per
959 3215 1016 3266 sta·

76 3315 108 3355 es
133 3297 388 3358 hostiumtdallico
411 3296 509 3358 babitu
527 3297 691 3376 penetrauit
706 3295 742 3355 ad
760 3310 843 3352 suos.
880 3290 906 3350 A
927 3289 1016 3349 Brun·

76 3399 87 3440 t
111 3379 303 3455 Dyrrachium
328 3383 403 3441 inter
431 3383 584 3461 oppositas
607 3379 718 3440 classes
732 3378 836 3438 ,bienm
854 3374 1017 3436 'transmisit

76 3465 255 3545 rmrdbusque
274 3467 379 3545 copiis,
397 3484 468 3546 quas
483 3465 620 3546 subsequi
635 3465 771 3541 iusserat,
783 3476 848 3522 uum
863 3458 898 3520 ad
915 3475 1015 3519 aecer·
