2286 3944
108 208 148 268 20
192 219 222 266 c.
239 217 388 265 sourom
404 215 528 273 ranno.
545 212 592 260 on
609 210 693 261 uma
709 213 892 262 causacum
908 215 977 261 nro.
995 215 1018 261 1.

110 371 251 447 ediderat,
275 371 472 446 theatrumque
500 385 625 428 summae
649 368 852 444 magnitudinis
870 368 996 448 Tarpeio
1017 371 1108 427 monti

109 454 267 523 accubans;
294 456 337 512 ius
362 451 448 511 civile
470 449 505 509 ad
526 461 635 511 certum
654 451 766 510 modum
789 452 936 530 redigere,
960 461 1048 531 atque
1071 470 1108 511 ex

107 544 244 601 immensa
264 537 424 613 diffusaque
445 535 542 610 legum
565 537 649 614 copia
669 537 776 614 optima
800 554 931 614 quaeque
958 545 989 595 et
1005 554 1107 594 neces-

108 625 184 685 saria
201 624 230 680 in
254 621 444 701 paucissimos
467 619 601 678 conterre
631 618 738 688 libros;
763 619 957 678 bibliothecas
979 619 1108 679 Graecas

108 709 279 784 Latinasque
311 721 380 783 quas
413 705 549 762 maximas
577 711 679 780 posset
709 702 874 780 publicare,
913 703 980 763 data
1007 703 1128 763 Marcus

109 792 234 852 Varroni
265 806 332 847 cura
365 785 616 864 comparandarum
646 803 681 845 ac
708 783 947 862 digerendarum
993 788 1108 846 siccare

110 875 275 952 Pomptinas
301 869 436 950 paludes;
466 871 596 929 emittere
619 868 757 928 Fucinum
775 869 881 937 lacum;
905 872 980 929 uiam
998 872 1109 929 munire

111 958 217 1020 amari
247 955 359 1034 Supero
389 971 446 1031 per*
464 952 628 1032 Appennini
651 953 771 1012 dorsum
791 952 828 1013 ad·
854 953 981 1013 'l'iberim
1002 971 1108 1032 usque;

111 1040 267 1122 perfodere
290 1037 440 1106 Isthmum
463 1036 577 1113 Dacos,
601 1038 647 1114 qui
672 1055 704 1096 se
723 1039 752 1095 in
769 1036 890 1096 Pontum
903 1045 935 1097 et
957 1037 1110 1097 Thraciam

112 1125 289 1198 elirudcrant,
309 1137 464 1190 coercerc;
492 1136 562 1179 mox
582 1119 694 1179 Parthis
717 1120 826 1180 interce
846 1120 953 1180 bellum
975 1139 1031 1199 per
1054 1120 1107 1180 Ar·
1120 1136 1141 1176 rc

111 1210 232 1268 maniam
247 1208 401 1279 minorem,
423 1221 478 1263 nec
495 1205 549 1262 nisi
566 1212 631 1263 ante
649 1213 788 1282 expertos
808 1203 931 1282 adgredi
945 1204 1071 1282 proelio.

175 1290 255 1351 Talia
281 1296 415 1365 agentem
442 1297 527 1366 atque
556 1288 738 1347 meditantem
759 1305 838 1347 mors
858 1289 1019 1367 praeuenit.
1065 1287 1109 1346 De

112 1393 167 1454 qua
184 1375 263 1453 prius
284 1389 367 1449 quam
384 1370 483 1448 dicam,
496 1389 533 1430 ea-
546 1389 620 1450 quae
635 1371 671 1431 ad
681 1372 800 1431 formam
815 1381 846 1431 et
863 1371 988 1432 habitum
1004 1381 1035 1431 et
1050 1371 1109 1431 cul·

112 1469 169 1518 tum
190 1466 220 1516 et
242 1472 356 1530 mores,
387 1472 442 1514 nec
466 1455 559 1513 minus
586 1472 660 1533 quae
685 1454 721 1514 ad
745 1455 841 1515 civilia
863 1463 892 1514 et
916 1455 1023 1516 bellica
1048 1458 1110 1515 eius

113 1540 204 1601 smdia
219 1540 381 1618 pertineant
396 1555 453 1597 nou
469 1538 591 1598 alienum
608 1540 662 1597 erit
678 1540 835 1600 summatim
850 1555 1009 1618 exponere.
1120 1550 1141 1589 1⁵

70 1633 104 1686 45
176 1624 277 1684 Fuisse
289 1621 409 1681 traditur
423 1621 543 1702 excelsa
559 1629 676 1698 statura,
698 1622 799 1682 colore
819 1621 949 1699 candido,
967 1623 1110 1682 teretibus

112 1707 257 1782 membris,
279 1723 331 1765 ore
347 1705 433 1783 paulo
449 1705 594 1784 pleniore,
615 1706 706 1782 nigris
722 1707 894 1786 uegetisque
911 1705 1021 1782 oculis,
1038 1706 1109 1765 uali-

112 1793 209 1853 tudine
225 1806 382 1868 prospera;
403 1790 457 1847 nisi
475 1789 550 1867 quod
565 1798 696 1868 tempore
719 1798 849 1850 extremo
872 1798 994 1868 repente
1015 1792 1110 1849 animo

112 1876 200 1952 linqui
216 1882 303 1950 atque
323 1873 407 1931 etiam
427 1890 481 1951 per
496 1889 624 1931 somnum
640 1875 785 1932 exterreri
804 1872 929 1933 solebat.
966 1872 1110 1934 Comitiali

113 1975 228 2036 quoque
249 1955 351 2015 morbo
375 1956 420 2014 bis
440 1957 516 2014 iuter
536 1974 585 2016 res
608 1956 736 2033 agendas
755 1966 906 2035 correptus
931 1965 985 2015 est.
1023 1956 1140 2017 Circam

115 2042 248 2120 corporis
261 2057 356 2098 curam
377 2041 538 2116 morosior,
559 2048 590 2098 ut
609 2057 667 2098 non
682 2040 774 2100 solum
794 2041 962 2101 tonderetur
988 2040 1111 2119 diligen·

114 2135 159 2186 ter
180 2143 215 2184 ac
235 2123 402 2198 raderetur,
425 2122 478 2182 sed
502 2123 661 2183 velleretur
683 2125 784 2200 etiam
813 2133 844 2183 ut
869 2123 981 2202 quidam
1004 2141 1110 2204 expro-

113 2209 283 2276 braverunt;
325 2205 433 2266 calvitii
462 2223 534 2265 uero
563 2205 773 2268 deformitatem
801 2209 978 2286 iniquissime
1008 2208 1111 2283 ferret,

114 2310 203 2370 saepe
221 2290 448 2349 obtrectatorum
471 2291 543 2349 iocis
566 2289 720 2352 obnoxiam
740 2301 887 2370 expertus.
931 2291 1061 2370 ideoque
1083 2299 1112 2350 et

114 2376 297 2435 deficientem
314 2373 448 2450 capillmu
465 2390 608 2434 revocare
631 2393 647 2434 a
668 2375 780 2434 vertice
798 2375 986 2452 adsueverat,
1017 2383 1048 2435 et
1073 2388 1141 2434 ext

114 2458 243 2518 omnibus
275 2457 401 2515 decretis
433 2456 488 2516 sibi
516 2474 532 2517 a
559 2466 659 2517 senatu
682 2458 851 2537 populoque
868 2457 1027 2519 bonoribus
1054 2475 1112 2517 non

113 2540 188 2601 aliud
212 2547 259 2598 aut
279 2541 394 2617 recepit
415 2549 463 2601 aut
483 2543 632 2618 usurpavit
650 2541 785 2602 libentius
813 2561 896 2622 quam
920 2543 964 2602 ius
993 2542 1112 2603 laureae

93 2694 95 2698 μ
114 2640 241 2683 coronae
257 2632 399 2701 perpetuo
415 2623 583 2701 gestandae.

176 2707 269 2767 Etiam
292 2705 369 2765 cultu
389 2707 545 2768 notabilem
564 2707 676 2779 ferunt;
699 2727 780 2768 usum
797 2711 872 2769 enim
893 2709 953 2768 leto
976 2708 1063 2768 clavo
1079 2709 1114 2769 ad

113 2810 211 2852 manus
240 2789 398 2868 fimbriato,
426 2809 482 2850 nec
510 2799 540 2849 ut
571 2809 700 2871 umquam
729 2793 814 2853 aliter
836 2810 919 2872 quam
940 2809 1143 2871 supereum·

115 2878 296 2952 cingeretur,
321 2881 350 2931 et
381 2873 494 2952 quidem
524 2873 646 2936 lluxiore
678 2879 822 2946 cinctura:
856 2875 931 2937 unde
961 2893 1114 2936 emanasse

115 2959 212 3018 Sullae
229 2956 334 3016 dictum
350 2960 502 3036 optimates
519 2962 636 3039 saepius
656 2959 853 3037 admonentis,
874 2959 1004 3021 otmcle
1014 2977 1112 3038 prce-

70 3042 244 3102 4ttce'nctum
265 3058 395 3117 puerum
417 3045 571 3102 caverent.
599 3043 747 3103 llabitavit
767 3046 859 3122 primo
880 3043 909 3102 in
925 3042 1038 3103 Subura
1053 3060 1113 3102 mo-

113 3125 186 3184 dicis
207 3123 340 3193 aedibus;
369 3134 437 3203 post
464 3132 558 3183 autem
581 3129 777 3206 pontificatum
798 3127 948 3187 maximum
967 3127 997 3185 in
1022 3126 1115 3186 Sacra

112 3209 159 3266 via
181 3207 266 3267 domo
295 3207 421 3286 publica.
465 3205 664 3270 Munditiarum
686 3211 915 3290 lautitiarumque
936 3208 1136 3270 studiosissia

112 3307 187 3348 mum
206 3288 286 3348 multi
307 3291 509 3369 prodiderunt:
531 3293 628 3354 villam
646 3296 675 3353 in
696 3293 868 3354 Nemorensi
886 3313 902 3355 a
921 3293 1115 3354 fondamentis

112 3372 275 3432 inchoatam
299 3386 601 3456 magnoqucsumptu
630 3378 807 3455 absolutam,
834 3379 899 3457 quia
922 3395 980 3438 nou
1001 3386 1063 3438 tota
1079 3377 1115 3438 ad

113 3457 234 3517 animum
259 3456 286 3514 ei
307 3459 513 3536 responderat,
536 3470 624 3522 totam
648 3461 781 3539 diruisse,
808 3479 976 3542 quamquam
997 3470 1115 3522 tenuem
