2256 3930
213 727 310 826 DE
359 729 907 831 GRAMMATICIS.

467 979 655 987 --—-—-

115 1189 314 1250 Grammatico
329 1189 440 1249 Romae
456 1208 492 1248 ne
506 1190 534 1247 in
546 1207 599 1249 usu
614 1189 729 1266 quidem
742 1189 828 1266 olim,
846 1191 950 1252 nedum
966 1194 994 1253 in
1009 1193 1059 1254 ho·
1074 1195 1087 1247 t

76 1290 123 1333 tre
149 1273 214 1333 ullc
231 1282 307 1350 erat,
330 1273 391 1332 rudi
410 1273 523 1333 scilicet
540 1290 575 1332 ao
590 1271 732 1333 bellicosa
749 1276 834 1333 etiam
857 1284 915 1335 tum
933 1278 1060 1355 civitate,
1097 1343 1098 1346 ,

76 1357 181 1417 sedum
201 1374 382 1435 magnopere
408 1356 579 1416 liberalibus
598 1357 758 1436 disciplinis
780 1369 913 1420 vacante.
950 1359 1060 1422 Initium

76 1457 176 1520 toque
190 1444 252 1501 eius
262 1441 411 1500 mediocre
426 1443 528 1519 extitit,
544 1440 685 1519 siquidem
696 1443 884 1521 antiquissimi
898 1444 1060 1523 doctorum,

76 1525 96 1586 ti
113 1525 208 1585 iidem
223 1534 253 1584 et
270 1533 377 1603 poetae
392 1534 421 1585 et
435 1526 610 1602 semigraeci
626 1535 725 1603 erant,
752 1523 874 1608 (livium
895 1538 924 1588 et
938 1528 1060 1590 Ennium

76 1627 135 1688 cc,
154 1628 230 1688 quos
244 1619 366 1688 utraque
382 1608 480 1687 lingua
495 1610 571 1668 domi
591 1610 722 1688 forisque
740 1609 877 1672 docuisse
895 1613 1060 1675 adnotatum

76 1693 112 1772 t)
128 1693 204 1753 nihil
219 1693 340 1772 amplius
355 1711 439 1770 quam
454 1693 585 1754 Graecos
603 1694 876 1773 interpretabantur,
895 1706 941 1756 aut
953 1700 977 1757 si
993 1698 1061 1777 quid

76 1780 106 1838 si
121 1777 227 1838 Latine
244 1779 478 1855 composuissent
495 1777 716 1856 praelegebaut.
749 1779 821 1839 Nam
835 1781 914 1858 quod
928 1782 1061 1842 nonnulli

76 1861 170 1922 edunt
193 1861 266 1920 duos
289 1860 380 1921 libros
404 1861 447 1920 de
476 1861 622 1921 litteris
644 1862 900 1941 syllabisque,
927 1865 995 1924 item
1018 1865 1059 1925 de

76 1945 182 2006 stris
204 1944 240 2005 ab
263 1945 367 2005 eodem
388 1945 481 2005 Ennio
505 1944 617 2021 editos,
645 1946 707 2005 iure
728 1949 823 2024 arguit
837 1946 867 2006 L·
891 1946 977 2008 Cotta
1001 1966 1060 2008 uon

76 2038 164 2090 setae
186 2028 238 2088 sed
261 2031 434 2108 posterioris
457 2028 542 2089 Ennii
563 2048 645 2106 esse,
669 2031 749 2090 cuius
770 2031 855 2089 etiam
878 2030 918 2090 de
948 2050 1058 2109 augu-

85 2112 159 2174 ndi
184 2112 386 2192 disciplina
401 2113 547 2174 volumina
563 2114 702 2173 ferantur.

114 2195 231 2258 Primus
248 2198 352 2274 igitur,
375 2206 510 2276 quantum
528 2200 693 2276 opinamur,
716 2197 838 2257 studium
853 2198 1088 2275 grammaticaess

101 2279 211 2341 urltem
231 2280 324 2340 intulit
347 2279 450 2342 Grates
471 2281 625 2358 llallotes,
653 2281 815 2342 Aristarchi
836 2283 983 2362 aequalis,
1009 2285 1059 2362 qui

76 2365 160 2426 issus
176 2363 212 2424 ad
228 2375 357 2424 senatum
375 2365 411 2426 ab
426 2365 525 2426 Attalo
541 2384 613 2443 rege
630 2367 704 2425 inter
721 2366 876 2427 secundum
893 2386 927 2427 ac
943 2369 1058 2428 tertium

76 2450 194 2509 rnicum
214 2447 321 2508 bellum
336 2449 389 2508 sub
407 2450 499 2528 ipsam
515 2449 599 2510 Ennii
614 2459 753 2528 mortem,
779 2469 842 2510 cum
859 2452 983 2530 regione
1006 2451 1057 2513 Pa·

76 2535 110 2593 tii
131 2532 291 2611 prolapsus
305 2534 334 2592 in
351 2533 472 2594 cloacae
491 2535 622 2594 lorameu
645 2552 711 2594 crus
726 2535 880 2613 fregisset,
904 2555 958 2615 per
973 2555 1057 2596 omne

76 2617 211 2697 gationis
225 2617 308 2676 simul
336 2626 364 2677 et
383 2618 546 2678 valitudinis
562 2628 675 2697 tempus
693 2619 831 2697 plurimas
849 2621 979 2680 acroasis
992 2625 1056 2680 sult-

76 2701 116 2763 de
143 2701 215 2760 iecit
239 2701 412 2781 assidueque
434 2702 583 2778 disseruit,
612 2721 648 2763 ac
670 2705 778 2762 nostris
795 2704 931 2782 exemplo
953 2703 1005 2762 luit
1023 2702 1057 2762 ad

76 2784 226 2846 litandum.
257 2784 404 2846 Hactenus
419 2795 513 2846 tamen
532 2788 644 2864 imitati,
661 2796 691 2846 ut
708 2789 833 2848 carmina
850 2805 949 2866 parum
965 2786 1057 2846 adhuc

76 2869 203 2946 vulgata
221 2869 270 2929 vel
290 2869 490 2930 defunctorum
507 2871 663 2931 amicorum
683 2871 731 2930 vel
758 2873 783 2930 si
800 2888 920 2949 quorum
936 2870 1057 2930 aliorum

76 2953 247 3030 obessent,
270 2953 436 3030 diligentius
450 2963 643 3015 retractarent
662 2973 697 3015 ac
718 2955 846 3032 legendo
864 2961 1056 3014 commentan-

76 3055 151 3118 tque
168 3039 254 3097 etiam
266 3076 268 3080 ι
278 3039 385 3098 ceteris
399 3047 466 3098 nota
482 3039 628 3109 facercut;
645 3048 674 3098 ut
695 3037 728 3100 G.
746 3038 884 3098 Octavius
898 3036 1056 3114 lampadio

76 3121 158 3183 aerii
180 3120 317 3181 Punicum
339 3121 462 3198 bellum,
490 3122 568 3200 quod
589 3140 645 3182 uno
669 3123 814 3182 volumine
843 3131 872 3181 et
898 3121 1056 3180 continenti

76 3208 200 3284 criptura
226 3207 392 3284 expositum
413 3205 509 3266 divisit
528 3208 557 3266 in
578 3216 691 3286 septem
711 3206 817 3275 libros;
842 3214 871 3266 ut
892 3211 995 3283 postea
1019 3204 1055 3279 Q.

76 3290 252 3366 argunteius
267 3289 387 3349 annales
402 3288 502 3365 Ennii,
522 3308 596 3369 quos
612 3291 700 3350 certis
716 3289 818 3350 diebus
836 3290 865 3349 in
875 3305 979 3364 magna
997 3288 1056 3348 ire·

76 3373 171 3434 nentia
194 3373 411 3451 pronuntiabam
434 3383 464 3434 ut
483 3373 598 3434 Laelius
613 3374 775 3435 Archelaus
797 3375 969 3454 Vettiusque
991 3371 1055 3433 Phi·

76 3475 187 3518 *comus
204 3456 304 3517 Lucilii
320 3466 433 3533 satyras
453 3457 602 3518 familiaris
618 3459 677 3536 sui,
701 3477 772 3536 quas
792 3458 903 3536 legisse
924 3474 956 3518 se
980 3455 1058 3536 apud

103 3561 259 3600 saturemus.
863 3543 900 3604 tt
