2256 3930
86 247 134 297 011
424 247 632 296 PRAEFATIO.

87 406 169 464 tariis
185 411 356 462 contractum
372 405 504 462 historiis
520 411 574 476 6,7
591 422 652 477 sqq.
666 404 800 477 inseruit,
817 406 892 463 haec
907 408 991 465 aerbo

86 490 266 564 praeposuit:
288 486 383 545 ‘llano
404 489 550 545 historiam
567 489 717 546 Suetonius
731 489 912 562 Tranquillus
933 491 979 563 pla

87 574 202 630 nissime
225 573 379 646 explicuit,
403 573 483 628 cuius
506 590 558 629 nos
581 579 773 645 competentes
799 573 993 646 portiunculas

87 657 306 729 decerpsimus'.
352 657 455 713 Eadem
473 657 560 713 rerba
576 656 676 713 Paulus
693 656 836 713 Diaconos
855 656 886 713 in
900 656 991 715 llisto·
1030 690 1032 703 ι

87 742 156 798 riam
171 758 248 797 suam
264 741 417 797 miscellam
436 742 544 812 recepit
563 741 696 812 multique
714 741 871 813 scriptores
887 742 993 799 mediae

87 824 187 881 aetatis
216 825 425 898 repetiverunt,
451 825 541 880 donec
565 841 590 880 a.
619 825 850 883 ramnebertus
874 825 992 898 Stepha-

86 926 138 965 nus
168 911 241 964 hano
270 909 380 964 scilicet
410 903 596 981 ‘Eutropii⁰⁹)
625 908 765 980 epitomen
796 909 867 965 belli
897 908 994 966 Gallici

88 1010 124 1049 ex
145 992 273 1049 Suetonii
302 991 456 1062 Tranquilli
481 993 663 1048 monumentis
686 1008 756 1063 quac
776 991 993 1051 desiderantur’

88 1083 219 1149 separato
241 1076 339 1131 libello
357 1076 471 1144 aderet,
496 1091 575 1146 quam
592 1076 765 1147 posteriores
785 1077 916 1133 nonnulli
937 1093 993 1133 oum

89 1160 267 1216 Caesarianis
294 1160 498 1214 commentariis
529 1159 740 1215 coniunxerunt.
784 1159 883 1232 Neque
908 1160 993 1217 minua
1030 1210 1032 1220 r

89 1244 222 1301 Sidonius
237 1242 410 1314 Apollinaris
426 1243 607 1314 epistolarum
622 1248 656 1315 9,
675 1251 722 1313 14,
739 1244 787 1301 ubi
802 1244 992 1301 dilllcilliman

89 1345 147 1385 roun
157 1345 221 1383 esse
236 1328 275 1383 ait
288 1325 351 1380 lulii
361 1325 490 1382 Caesaris
503 1327 600 1383 laudes
617 1328 775 1397 celebrare,
790 1344 852 1383 curn
860 1328 933 1385 bivii
946 1344 991 1384 vo

88 1411 201 1479 lumina,
218 1410 316 1482 ‘opera
333 1409 485 1479 Suetonii',
497 1411 610 1466 luvenci
623 1410 758 1467 llartialis
771 1411 904 1481 historia,
919 1410 992 1470 llalbi

90 1495 247 1566 ephemeris
259 1489 305 1567 ¹⁰⁰)
326 1493 410 1549 lando
429 1494 609 1565 adaequanda
625 1494 695 1565 sint,
724 1495 862 1551 bellorum
885 1501 915 1551 el
935 1497 991 1568 ipso

89 1579 254 1649 scriptorem
261 1578 372 1633 videtur
384 1576 545 1633 Suetonium
559 1577 776 1635 existimavisse.
809 1577 920 1645 Quodsi
934 1579 992 1652 quit
1029 1646 1032 1653 Ἴ

90 1668 220 1734 quaerat,
245 1677 300 1734 quo
316 1662 398 1717 modo
413 1668 468 1716 tarn
484 1661 573 1733 turpis
589 1677 670 1717 error
690 1662 760 1718 oriri
776 1663 923 1734 potuerit,
941 1664 992 1718 boo

89 1746 155 1801 mihi
178 1746 298 1801 omnium
313 1745 430 1800 maxime
451 1745 601 1816 probatur,
625 1752 656 1800 ut
676 1746 803 1802 codicum
825 1747 993 1817 quorundam
1031 1806 1032 1815 χ

90 1829 321 1886 caesarianorum
336 1828 476 1900 principio
491 1829 693 1901 praescriptum
711 1829 799 1885 luisse
815 1836 912 1902 putem
927 1829 993 1885 Sne-

89 1917 160 1968 tonii
174 1915 220 1969 vel
236 1913 374 1982 integrum
388 1913 486 1967 Divum
501 1913 597 1968 lulium
613 1913 659 1968 vel
676 1929 738 1968 cum
754 1914 846 1968 locum
860 1913 909 1985 qui
924 1913 994 1968 inira

89 2015 116 2070 p.
132 2003 185 2064 24,
205 2002 238 2054 21
260 1998 295 2051 de
316 1995 521 2052 commentariis
541 1995 640 2052 Gallici
662 1994 811 2069 civilisque
832 1996 903 2052 belli
919 1997 994 2052 Pom·

89 2081 182 2153 poiani
205 2080 319 2150 legitur.
363 2081 405 2135 lta
427 2079 488 2135 lieri
506 2080 612 2151 potuit,
640 2086 670 2134 ut
689 2079 817 2136 Suetonii
843 2094 948 2136 nornen
968 2080 994 2135 'nr

88 2164 229 2237 principio
250 2164 460 2234 grandibusque
482 2163 585 2219 litteris
608 2164 742 2236 scriptum
762 2179 814 2236 pro
836 2163 919 2219 titulo
935 2163 994 2219 uni·

89 2249 166 2304 versi
181 2248 310 2320 corporis
325 2249 485 2303 haberetur.
512 2246 640 2302 Ceterum
651 2248 697 2303 vel
713 2254 778 2320 post
793 2253 907 2304 renatas
920 2249 995 2303 litte-

89 2349 136 2387 ras
154 2333 244 2387 eidem
259 2331 351 2386 errori
369 2331 554 2386 obstrinxisse
571 2348 602 2386 se
618 2331 786 2388 ludovicum
801 2331 900 2387 nescio
915 2347 995 2403 quern

92 2413 247 2471 caduceum
270 2415 403 2483 cognovi
443 2439 445 2445 ·

53 2503 55 2527 ¹
156 2497 230 2551 Satis
252 2502 333 2551 notus
357 2504 401 2552 est
423 2497 535 2553 libellus
564 2499 605 2553 de
629 2498 728 2554 Viris
761 2452 996 2568 illustribus,

67 2569 139 2652 'qui
161 2579 245 2635 hodie
261 2578 392 2636 Andreae
411 2582 518 2636 Schotti
542 2582 709 2638 auctoritate
731 2587 759 2638 et
780 2583 910 2677 exemplo
935 2598 996 2638 cum

90 2663 209 2720 Aurelio
225 2663 341 2719 Victore
364 2665 408 2719 edi
430 2665 518 2728 solet;
542 2682 594 2720 nec
611 2666 679 2722 latet
694 2666 850 2738 quantum'
842 2683 868 2720 rs
887 2665 996 2737 negotii

92 2749 183 2806 doctis
205 2746 362 2802 hominibus
386 2749 533 2804 creaverit.
579 2749 684 2821 Scripti
711 2749 783 2805 eninr
807 2748 874 2805 libri
900 2764 996 2804 omues

91 2832 208 2888 Plinium
224 2836 366 2886 auctorem
384 2833 587 2902 demonstrant,
613 2834 686 2888 hunc
707 2834 768 2888 lere
788 2833 896 2888 titulum
913 2849 996 2904 prae-

91 2917 230 2972 ferentes:
255 2914 317 2970 Guii
331 2914 414 2970 Plinii
431 2916 552 2972 Secundi
564 2919 683 2972 oratoris
702 2917 867 2972 Veronensis
882 2917 916 2971 de
932 2919 998 2972 viras

89 2999 237 3056 illustribus
252 2999 319 3054 liber
337 2999 397 3056 sire
413 3000 524 3055 libellus.
565 3001 667 3056 Verum
683 3002 785 3071 exigua
802 3007 845 3055 est
860 3001 996 3056 librorum

91 3083 260 3153 auctoritas,
283 3099 342 3138 cum
365 3085 402 3140 ita
424 3091 553 3139 recentes
579 3101 673 3140 omnes
697 3085 753 3141 sint
772 3090 801 3139 ut
821 3101 856 3140 ne
883 3085 918 3141 ad
934 3085 997 3141 Xlll

94 3200 289 3214 ,-,..-..--

159 3250 203 3314 99)
223 3248 339 3313 Eutropii
356 3249 421 3296 anim
440 3249 542 3296 nornine
563 3249 604 3298 illo
624 3257 737 3316 tempore
757 3250 870 3300 Miscella
889 3249 995 3300 historia

89 3321 163 3370 Pauli
181 3316 412 3370 circumferebatur.

161 3389 222 3452 loo)
251 3386 321 3438 Balbi
350 3386 535 3450 ephemeridem
557 3387 661 3436 Carolus
683 3386 829 3451 Nipperdey
851 3401 877 3450 p.
903 3385 939 3436 36
965 3386 995 3434 de

91 3466 178 3510 octavo
196 3459 255 3506 belli
274 3457 359 3506 Gallici
381 3456 442 3505 libro
463 3456 596 3520 iutelligit,
622 3455 664 3520 qui
682 3456 744 3504 liber
762 3455 795 3503 ad
809 3455 915 3503 Balbum
935 3454 994 3503 mia·

90 3543 135 3579 sus
154 3534 199 3575 est.
