2286 3944
98 40 137 131 *a

109 232 122 307 ξ
456 232 561 281 muas
585 234 711 282 murus.
1044 226 1081 285 31

98 342 149 531 kas
163 388 358 448 dominatione
379 396 408 446 et
428 389 491 446 iure
508 405 611 449 caesus
630 390 819 448 existimetur.
862 388 929 448 Non
944 392 1019 448 enim
1033 389 1083 450 ho-

119 490 167 532 res
186 471 274 532 modo
294 473 396 531 nimios
417 472 546 551 recepit:
575 475 738 533 continuum
760 473 956 549 consulatum,
977 492 1082 552 perpe·

98 575 154 643 ,am
173 556 356 633 dictaturam,
379 557 650 635 praefecturamque
671 575 794 633 morum,
816 559 935 636 iusuper
951 575 1082 636 praeno·

98 646 143 700 'ten
168 639 373 718 Imperatoris,
404 656 568 716 cognomen
590 640 683 700 Patris
709 643 835 720 patriae,
862 650 982 701 statuam
1007 643 1083 700 inter

98 742 183 819 qges,
211 732 381 800 suggestum
399 725 428 782 in
449 722 614 792 orchestra;
642 724 694 784 sed
715 734 744 784 et
765 725 904 803 ampliora
926 727 1010 784 etiarn
1032 725 1081 784 hu·

106 825 160 868 „uo
176 807 296 885 fastigio
313 806 432 866 decerni
449 806 504 866 sibi
519 826 623 886 passus
639 817 697 867 est:
718 808 818 867 sedern
832 826 946 869 auream
960 811 989 867 iu
1003 810 1082 868 curia

98 901 106 951 t
122 909 175 970 pro
191 890 342 968 tribunali,
360 900 471 950 tensam
484 899 513 950 et
526 891 669 951 ferculum
685 893 809 951 circensi
823 909 944 970 pompa,
963 891 1081 970 templa,

98 994 155 1052 ras,
180 975 332 1035 simulacra
353 977 432 1035 iuxta
455 974 543 1053 deos,
570 975 718 1055 pulvinar,
745 976 903 1052 llaminem,
931 976 1080 1054 lupercos,

98 1059 303 1139 ppellationem
319 1060 427 1118 mensis
444 1078 460 1117 e
480 1076 533 1118 suo
549 1061 679 1129 nomine;
701 1078 736 1120 aa
761 1060 856 1118 nullos
877 1076 935 1118 nou
951 1058 1081 1118 honores

98 1144 112 1204 d
128 1142 278 1203 libidinem
298 1144 377 1221 cepit
390 1151 419 1201 et
433 1142 520 1201 dedit.
564 1142 691 1202 Tertium
706 1152 736 1202 et
756 1150 884 1220 quartum
902 1142 1081 1202 consulatum

99 1227 159 1287 tulo
181 1235 264 1285 tenus
283 1228 392 1302 gessit,
416 1234 568 1285 contentus
592 1226 750 1287 dictaturae
773 1235 918 1305 potestate
942 1226 1080 1286 decretae

98 1329 140 1371 um
158 1309 356 1370 consulatibus
371 1309 469 1386 simul,
492 1317 577 1388 atque
598 1319 721 1389 utroque
742 1328 816 1370 auno
837 1309 921 1369 binos
943 1309 1080 1369 consules

98 1395 222 1454 obstituit
237 1392 293 1453 sibi
306 1395 335 1452 in
349 1403 448 1453 ternos
460 1395 635 1454 novissimos
647 1413 778 1471 menses,
799 1395 838 1453 ita
854 1402 885 1452 ut
898 1393 994 1452 medio
1009 1402 1078 1452 tem·

99 1497 150 1538 ore
172 1479 288 1537 comitia
308 1477 386 1537 nulla
407 1476 539 1537 habuerit
564 1488 680 1556 praeter
698 1478 874 1538 tribunorum
897 1487 926 1537 et
945 1477 1079 1537 aedilium

98 1561 186 1638 lehis,
209 1561 437 1640 praefectosque
458 1577 513 1640 pro
534 1561 716 1640 praetoribus
741 1563 937 1638 constituerit,
960 1564 1007 1640 qui
1030 1580 1077 1640 ap-

98 1655 161 1705 ente
184 1663 216 1704 se
237 1663 286 1704 res
308 1644 432 1704 urbanas
453 1643 692 1706 administrarent.
736 1645 831 1704 Pridie
856 1654 950 1705 autem
972 1645 1077 1705 Kalen·

98 1748 126 1789 as
140 1729 286 1789 lanuarias
302 1729 453 1807 repentina
466 1729 593 1788 consulis
608 1738 700 1789 morte
715 1739 878 1790 cessantem
893 1728 1035 1788 honorem
1049 1729 1077 1786 in

98 1832 184 1874 aucas
207 1811 295 1872 horas
318 1812 427 1891 petenti
453 1811 539 1871 dedit.
583 1810 694 1892 Eadem
717 1813 834 1874 licentia
854 1821 955 1891 spreto
982 1813 1076 1891 patrio

98 1915 172 1974 iore,
188 1897 373 1973 magistratus
388 1897 416 1954 in
430 1896 522 1974 pluris
536 1915 626 1956 annos
642 1896 800 1971 ordinavit,
816 1897 918 1956 decem
932 1896 1077 1975 praetoris

98 1983 145 2040 iris
161 1979 323 2040 consularia
341 1988 506 2040 ornamenta
520 1980 633 2058 tribuit,
651 1982 767 2040 civitate
786 1980 926 2056 donatos,
947 1987 976 2038 et
990 1996 1076 2057 quos-

98 2083 138 2125 am
153 2082 169 2123 e
185 2062 389 2123 semibarbaris
404 2062 565 2140 Gallorum,
587 2065 701 2142 recepit
715 2065 744 2122 iu
760 2065 876 2122 curiam.
921 2062 1077 2122 Praeterea

98 2156 207 2211 anetae
227 2146 410 2227 publicisque
433 2146 627 2224 vectigalibus
646 2147 812 2225 peculiares
832 2162 936 2205 servos
952 2161 1076 2223 praepo-

98 2235 140 2291 rit.
176 2231 273 2291 Trium
287 2231 448 2309 legionum,
464 2249 534 2309 quas
548 2230 751 2290 Alexandreae
766 2229 964 2307 relinquebat,
981 2246 1077 2288 curam

98 2325 104 2374 t
118 2316 269 2394 imperium
280 2315 374 2376 Rufini
389 2314 486 2375 liberti
500 2316 543 2374 sui
559 2314 635 2392 tilio,
652 2313 786 2373 exsoleto
802 2330 869 2389 suo,
885 2313 1075 2373 demandavit.

98 2399 138 2459 'ec
161 2399 280 2458 minoris
305 2400 482 2477 inpotentiae
505 2417 596 2458 voces
622 2397 771 2477 propalam
794 2396 919 2474 edebat,
945 2406 976 2455 ut
995 2397 1075 2457 Titus
1084 2407 1117 2464 77

98 2484 195 2562 ‚mpius
217 2481 332 2558 scribit,
359 2480 445 2543 Nihil
467 2500 535 2542 esse
554 2501 619 2542 rem
639 2480 814 2560 publicam,
838 2481 1077 2559 appellationem

98 2566 165 2628 rodo
189 2565 256 2626 siue
279 2584 412 2644 corpore
438 2584 478 2626 aa
497 2567 609 2644 specie.
650 2565 770 2625 Sullam
788 2565 926 2626 nescisse
944 2567 1075 2642 litteras,

98 2652 127 2712 ui
140 2651 327 2710 dictaturam
342 2650 527 2728 deposuerit.
560 2648 682 2710 Debere
695 2649 831 2711 homiues
848 2650 1077 2711 consideratius

98 2753 137 2795 tm
153 2734 238 2814 loqui
251 2751 368 2809 secum,
397 2752 436 2795 aa
451 2752 512 2811 pro
534 2733 651 2813 lepidus
665 2732 780 2794 babere
795 2752 875 2813 quaa
890 2733 982 2793 dicat.
1016 2733 1075 2792 Eo·

98 2838 129 2878 ue
145 2819 329 2893 arrogantiae
349 2835 525 2896 progressus
540 2827 602 2894 est,
625 2827 671 2895 ut,
692 2817 845 2897 haruspice
861 2819 954 2878 tristia
968 2825 997 2876 et
1012 2817 1075 2874 sine

98 2902 164 2962 orde
178 2910 245 2962 exta
257 2901 398 2980 quondam
413 2904 572 2978 nuntiante,
586 2899 697 2979 futura
710 2902 822 2961 diceret
837 2901 987 2975 laetiora,
1009 2918 1076 2960 cum

98 2986 184 3057 ellct,·
196 3003 252 3046 aec
263 3003 325 3063 pro
341 2991 457 3046 ostento
473 2985 659 3061 ducendum,
675 2985 704 3045 si
715 2985 830 3062 pecudi
844 3004 898 3045 cor
916 2983 1074 3060 defuisset.

135 3072 245 3131 Verum
267 3070 453 3148 praecipuam
472 3079 501 3129 et
516 3069 692 3129 exitiabilem
713 3069 768 3128 sibi
783 3068 918 3128 invidiam
937 3067 1004 3125 hinc
1018 3077 1118 3132 mats

98 3156 148 3214 ime
162 3155 262 3214 movit.
292 3152 434 3213 Adeuntis
449 3172 482 3213 se
499 3171 562 3212 oum
575 3153 704 3231 plurimis
715 3151 1075 3228 honorificentissimisque

98 3239 201 3298 scretis
222 3239 377 3297 universos
396 3245 494 3316 patres
517 3237 702 3315 conscriptos
723 3237 828 3295 sedens
849 3251 903 3313 pro
928 3234 1001 3294 aede
1016 3235 1074 3295 Ve-

98 3324 151 3381 eris
167 3321 330 3382 Genetricis
353 3323 480 3400 excepit.
526 3320 646 3396 Quidam
665 3329 764 3398 putant
777 3327 919 3379 retentum
934 3337 950 3379 a
966 3316 1074 3378 Corne·

98 3423 112 3465 o
126 3405 237 3482 Balbo,
254 3423 317 3464 curn
330 3413 485 3466 conaretur
498 3422 670 3480 assurgere:
688 3403 751 3480 alii,
764 3422 800 3463 ne
818 3411 949 3463 conatum
961 3403 1075 3482 quidem

98 3492 205 3567 mnino,
228 3486 280 3550 sed
301 3488 389 3550 etiam
408 3488 607 3549 admonentem
631 3487 728 3549 Gaium
748 3487 912 3548 Trebatium
934 3496 965 3547 ut
980 3505 1074 3547 assur-
