2286 3944
159 179 218 239 174
250 189 280 236 c.
296 188 447 236 susanna
462 188 590 247 ranno.
606 188 654 235 on
670 188 753 237 mua
769 186 955 236 cassanum
971 189 1042 234 nse.

124 355 141 410 9
221 343 311 402 Orsus
326 342 424 402 binca
446 342 563 420 pietatis
587 343 796 417 ostentatione,
828 340 978 402 Claudium
998 361 1051 420 app

156 429 228 489 simo
244 427 346 485 funere
368 425 472 485 elatum
495 424 620 484 laudavit
640 434 669 485 et
692 429 883 486 consecravit.
923 426 1049 485 Memcri

155 512 225 570 mitii
243 510 334 588 patris
348 508 477 567 honores
491 510 630 568 maximos
649 507 757 567 babuit.
779 509 864 568 Matri
878 528 1017 569 summam
1037 528 1051 569 o

154 612 251 654 rerum
267 595 440 671 privatarum
457 591 693 670 publicarumque
714 593 854 670 permisit.
891 592 987 651 Primo
1007 597 1051 652 eti

156 679 230 757 perii
248 676 293 735 die
310 677 422 753 signnm
440 674 594 734 excubanti
611 674 725 734 tribuno
746 675 824 734 dedit
847 673 1003 753 Optimam
1017 696 1051 736 m¹

156 780 191 823 ac
208 761 349 838 deinceps
364 759 492 818 eiusdem
507 776 597 836 saepe
612 758 718 819 lectica
734 777 788 838 per
799 759 946 837 publicum
959 761 1045 819 simul

157 855 211 905 est.
246 844 361 904 Antium
387 843 530 903 coloniam
553 840 685 917 deduxit,
711 845 845 922 ascriptis
869 846 1017 903 veteranis
1037 864 1051 903 e

81 968 87 975 -
156 930 233 988 torio
251 927 411 1005 additisque
428 945 482 1006 per
504 925 639 984 domicilii
657 927 872 985 translationem
895 926 1043 986 ditissimis

157 1012 305 1091 pilarium;
322 1009 369 1069 ubi
386 1020 415 1069 et
432 1019 545 1088 portum
561 1010 661 1086 operis
676 1011 916 1087 sumptuosissimi
932 1012 1013 1069 fecit.

115 1106 149 1159 10
221 1094 316 1173 Atque
330 1103 360 1152 nt
371 1095 524 1153 certiorem
537 1091 629 1152 adhuc
640 1092 766 1151 indolem
778 1093 961 1169 ostenderet,
975 1113 1016 1152 ex
1028 1093 1051 1153 A

155 1178 353 1257 praescripto
375 1178 577 1256 imperaturum
599 1194 631 1235 se
659 1176 826 1255 professus,
853 1195 948 1254 neque
975 1177 1051 1236 liber

156 1281 250 1340 neque
268 1261 454 1336 clementiae,
472 1278 508 1318 ne
525 1261 667 1319 comitatis
684 1260 797 1337 quidem
813 1259 994 1319 exhibendae
1011 1261 1050 1319 ull

157 1347 302 1405 easionem
318 1344 422 1402 omisit.
454 1342 592 1402 Graviora
608 1344 766 1419 vectigalia
780 1352 827 1403 aut
843 1344 972 1403 abolevit
985 1354 1051 1403 aut1

155 1428 283 1487 Praemia
299 1426 459 1484 delatorum
474 1425 582 1504 Papiae
599 1426 675 1502 legis
690 1427 725 1486 ad
742 1436 858 1506 quartas
873 1427 997 1504 redegit.
1050 1480 1051 1486 ,

155 1509 266 1589 populo
285 1509 389 1568 viritim
408 1509 614 1587 quadringenis
631 1511 767 1587 nummis,
790 1520 953 1570 senatorum
974 1511 1051 1570 nobil

155 1593 276 1670 cuique,
303 1591 355 1651 sed
372 1610 432 1652 are
450 1593 582 1652 familiari
599 1592 735 1652 destituto
751 1613 842 1653 annua
858 1595 978 1669 salaria,
996 1605 1026 1653 et
1043 1615 1051 1654 a

155 1677 218 1735 dam
237 1676 397 1752 quingena,
424 1677 585 1752 constituit,
607 1678 673 1735 item
698 1679 888 1756 praetorianis
910 1678 1051 1737 cohortibr

153 1768 278 1819 mentum
300 1767 475 1818 menstruum
495 1762 658 1836 gratuitum.
702 1760 741 1820 Et
760 1780 823 1820 cum
839 1760 874 1820 de
900 1762 1047 1840 supplicio

154 1843 218 1903 dam
238 1845 333 1921 capite
355 1842 476 1903 damnati
498 1852 526 1901 ut
548 1862 586 1902 ex
605 1861 687 1902 more
713 1844 910 1904 subscriberet
936 1846 1051 1905 admon<

156 1925 256 2001 Quam
276 1925 400 2003 uellem,
419 1927 525 2005 inquit,
543 1927 663 1987 nescire
677 1927 817 1987 litteras!
841 1927 938 1987 Omnis
955 1930 1051 1988 ordine

155 2012 221 2071 inde
245 2031 279 2071 ac
301 2013 466 2070 memoriter
482 2010 625 2069 salutavit.
655 2011 763 2087 Agenti
780 2014 891 2071 senatui
906 2015 1016 2088 gratias
1036 2033 1050 2070 r

156 2095 212 2155 dit:
239 2094 314 2156 Cum
335 2112 486 2155 meruero.
516 2093 562 2152 Ad
585 2103 764 2173 campestres
782 2096 1007 2154 exercitationes
1025 2116 1051 2154 su

154 2180 229 2238 misit
246 2188 275 2238 et
291 2178 423 2257 plebem,
447 2176 675 2255 declamauitque
694 2180 811 2256 saepius
827 2179 959 2256 publice;
978 2182 1051 2238 recit

155 2265 298 2338 carmina,
314 2280 372 2322 non
387 2261 473 2322 modo
491 2261 566 2321 domi
581 2261 633 2320 sed
655 2269 683 2320 et
706 2262 734 2320 in
758 2262 887 2338 theatro,
912 2271 990 2321 tanta
1006 2265 1051 2321 uni

154 2364 215 2405 rum
227 2345 353 2421 laetitia,
369 2355 398 2404 ut
410 2345 448 2405 ob
464 2345 662 2405 recitationem
677 2345 851 2423 supplicatio
864 2346 982 2404 decreta
995 2349 1048 2423 sit,

154 2446 222 2505 pars
239 2429 395 2486 carminum
410 2429 506 2487 aureis
524 2428 628 2487 litteris
644 2427 707 2487 lovi
723 2427 887 2506 Capitolino
904 2428 1007 2488 dicata.

112 2519 142 2570 ll
216 2509 456 2586 Spectaculorum
472 2511 594 2588 plurima
611 2521 639 2570 et
653 2514 732 2572 varia
748 2530 857 2588 genera
873 2512 975 2572 edidit:
995 2515 1051 2572 inv«

154 2594 319 2668 circenses,
342 2595 476 2653 scenicos
495 2593 596 2671 ludos,
618 2594 820 2671 gladiatorium
833 2614 942 2655 munus.
970 2595 1051 2654 iuver

153 2695 240 2736 senes
255 2693 370 2754 quoque
387 2677 556 2736 consulares
573 2696 702 2756 anusque
714 2688 859 2739 matronas
875 2681 988 2757 recepit
1001 2680 1037 2737 ad

154 2759 340 2821 Circensibus
358 2760 425 2820 loca
442 2761 531 2838 equiti
546 2771 661 2821 secreta
676 2781 692 2822 a
709 2764 814 2822 ceteris
832 2763 937 2838 tribuit,
956 2780 1049 2820 comm

153 2846 237 2904 etiam
255 2843 429 2904 camelorum
448 2844 613 2922 quadrigas.
650 2845 746 2921 Ludis,
764 2863 837 2922 quos
854 2863 909 2925 pro
922 2848 1051 2904 aeternit:

152 2929 226 3008 perii
239 2937 393 3007 susceptos
406 2928 549 3007 appellari
565 2930 741 2988 maximos
753 2929 855 3006 voluit,
869 2948 906 2988 ex
919 2938 1040 3007 utroque

153 3020 181 3072 et
209 3031 281 3072 sexu
310 3013 443 3092 plerique
470 3011 596 3071 ludicras
628 3021 727 3090 partes
755 3015 961 3080 sustinuerunt;
990 3014 1050 3071 noti

153 3114 243 3175 eques
257 3098 292 3157 R.
310 3096 468 3176 elephanto
487 3095 674 3175 supersidens
691 3113 745 3175 per
760 3096 952 3157 catadromum
975 3095 1049 3154 decu

72 3220 76 3224 -
151 3184 266 3241 inducta
281 3179 383 3242 ⁴lirani
403 3189 514 3259 togata,
530 3198 604 3259 quae
620 3178 836 3239 Incendium
848 3180 1020 3255 inscribitur,
1034 3199 1049 3238 c

151 3281 271 3341 sumque
288 3273 318 3323 ut
334 3266 461 3326 scaenici
485 3264 613 3324 ardentis
637 3263 737 3324 domus
760 3262 974 3340 supellectilem
996 3263 1048 3320 diri

151 3363 185 3404 ac
208 3347 263 3404 sibi
283 3347 438 3418 haberent;
456 3367 558 3427 sparsa
583 3357 611 3407 et
632 3346 742 3425 pnnulo
767 3346 889 3406 missilia
912 3347 1033 3405 omnium

149 3446 203 3505 per
218 3446 318 3488 omnes
336 3430 399 3478 dies
432 3433 541 3490 rirreula
556 3430 650 3490 cotid„
686 3429 755 3487 uilia
768 3431 861 3487 avium
876 3431 1012 3507 cuiusque
1025 3447 1051 3504 g<
