2256 3930
466 256 672 305 PRAEFATIO.
964 259 1013 307 vn

102 417 336 492 proconsulatum
352 415 540 486 Bithynicum,
562 415 591 470 id
607 421 650 469 est
663 415 735 470 intra
755 433 840 473 annos
856 422 888 477 97
905 422 932 471 ct
950 423 1016 482 1083

106 502 159 573 qui
177 500 248 555 enim
263 500 385 554 decimus
401 499 517 555 inscribi
535 498 625 567 solet,
640 498 712 565 liber
729 500 880 569 singularis
897 506 940 556 est
955 502 1015 573 epi-

106 585 245 640 stularum
267 583 301 638 ad
317 582 461 638 Traianum
478 588 506 636 ει
523 599 538 638 a
556 581 673 637 Traiano
692 582 830 653 datarum,
854 585 934 654 isque
950 590 1015 656 post

105 667 336 741 proconsulatum
354 665 466 720 circiter
481 682 578 720 annum
594 671 644 722 112
660 665 750 721 editus
769 672 812 721 cst
826 667 922 739 paucis
938 684 1014 722 men-

106 753 190 806 sibus
206 756 268 805 ante
283 749 364 804 Plinii
379 755 509 818 mortem,
530 755 560 802 ut
580 748 663 803 docet
677 746 789 805 Hannon
808 751 842 806 ad
858 749 1013 806 Orellianas

104 833 312 904 inscriptiones
327 839 344 892 3
358 849 385 904 p.
398 837 458 891 124.
504 832 618 902 Spectat
638 831 724 902 igitur
738 832 819 887 Plinii
835 833 1014 904 epistularum

107 916 273 986 Tranquillo
290 916 485 988 inscriptorum
501 914 689 972 vetustissima
709 931 795 971 annos
809 914 896 971 XXVl
916 932 1015 986 egres

103 1018 186 1069 sum,
202 998 354 1056 novissima
370 998 610 1070 quadragesimum
623 999 742 1054 nondum
756 999 921 1069 ingressam.
946 999 1015 1055 Sunt

106 1100 180 1141 vero
192 1084 245 1138 hae
261 1088 411 1152 mlestus.
431 1089 491 1152 3,8.
506 1090 532 1152 5,
541 1090 583 1140 10.
600 1088 627 1151 9,
638 1087 680 1141 34.
700 1089 742 1152 10,
754 1087 788 1142 04
799 1089 826 1137 et
838 1089 871 1142 95
886 1083 929 1138 ed.
940 1082 1012 1138 lleil.

104 1169 138 1223 ln
154 1168 199 1221 his
216 1166 343 1238 epistulis
363 1166 466 1222 Plinius
480 1166 580 1221 honori
603 1172 630 1220 et
652 1165 802 1221 commodis
819 1166 917 1237 reique
935 1166 1015 1222 iami-

103 1250 173 1307 liari
185 1248 312 1305 Suetonii
330 1249 358 1304 in
374 1249 581 1305 contubernium
600 1266 678 1305 suum
695 1249 802 1320 recepti
818 1249 944 1306 omnibus
956 1266 1015 1305 mo-

103 1335 152 1390 dis
170 1339 198 1388 et
213 1332 428 1403 diligentissime
445 1333 574 1408 consulit.
611 1332 788 1389 Tribunatum
803 1333 950 1388 militarem
964 1349 1015 1405 po-

103 1417 180 1473 tenti
198 1416 355 1487 impetravit
373 1433 524 1487 rursusque
540 1417 661 1488 petentis
679 1416 769 1488 gratia
786 1416 814 1470 in
830 1416 1015 1488 propinquum

103 1503 230 1571 aliquem
248 1500 403 1569 transtulit,
425 1500 535 1556 modico
557 1500 648 1571 pretio
667 1499 840 1572 praediolum
859 1499 921 1555 urbi
944 1500 1016 1556 vici-

105 1601 172 1640 num
193 1582 340 1653 multisque
356 1584 439 1638 rebus
456 1584 672 1639 commendatum
694 1583 881 1655 comparavit,
903 1599 1014 1639 causam

106 1668 183 1739 apud
208 1666 394 1722 centumviros
421 1672 544 1724 acturum
571 1673 599 1722 et
624 1667 732 1723 somnio
758 1666 935 1738 perterritum
958 1682 1013 1722 non

107 1751 193 1806 modo
209 1749 303 1805 verbis
322 1751 482 1806 consolatus
500 1756 558 1820 est,
581 1751 631 1806 sed
654 1751 737 1806 etiarn
752 1750 887 1805 dilatione
908 1750 1015 1821 aliquot

107 1835 217 1890 dierum
235 1833 357 1903 expetita
374 1834 564 1902 confirmavit,
585 1834 613 1888 in
629 1833 807 1905 expoliendis
822 1833 928 1888 libellis
944 1849 1014 1904 quos

108 1917 211 1972 dudum
227 1916 387 1972 absolverat
401 1916 512 1971 nimium
530 1922 702 1972 cunctantem
718 1916 861 1972 blanditiis
878 1917 913 1971 ad
929 1917 1015 1972 eden-

108 2002 173 2056 dum
188 1999 351 2053 exhortatus
368 2004 419 2054 est.
449 1998 544 2069 Neque
562 2000 650 2055 minus
667 2000 843 2069 Tranquillus
860 1999 949 2055 Plinio
965 1999 1015 2054 dc-

109 2100 171 2138 cem
190 2082 250 2136 lere
269 2080 347 2135 annis
369 2081 467 2136 maiori
483 2081 692 2152 honoribusque
706 2083 817 2136 multum
839 2081 1015 2137 antecedenti

109 2181 218 2221 omnem
230 2163 416 2218 reverentiam
429 2164 590 2235 praestabat
605 2169 633 2218 ει
648 2163 780 2232 consilio,
792 2163 816 2218 si
828 2180 879 2218 usu
890 2170 1016 2234 venerat,

109 2246 278 2314 adiuvabat,
295 2246 415 2317 denique
431 2263 456 2302 a.
474 2253 525 2306 109
539 2263 599 2301 cum
613 2245 837 2303 extraordinario
854 2245 1015 2318 impericia

110 2330 264 2400 Bithyniam
281 2345 313 2385 ac
330 2329 443 2385 Pontum
457 2329 569 2385 missum
585 2330 730 2386 comitatus
743 2335 793 2384 est.
828 2328 938 2402 Operae
949 2346 1014 2402 pre-

110 2417 177 2469 tium
195 2418 239 2468 est
253 2413 349 2469 audire
367 2413 467 2484 quibus
483 2414 578 2470 verbis
594 2431 629 2469 ex
644 2412 773 2482 bithynia
791 2430 815 2470 a.
834 2421 886 2474 110
900 2413 1013 2485 scriptis

110 2497 213 2553 Plinius
229 2496 317 2552 amico
332 2514 427 2568 parurn
444 2497 514 2552 felix
529 2496 730 2553 matrimonium
745 2503 863 2569 experto
873 2496 916 2552 ins
931 2496 1013 2552 trium

110 2581 261 2636 liberorum
286 2597 302 2635 a
329 2580 447 2637 Traiano
475 2579 596 2637 Caesare
621 2579 827 2652 impetraverit:
857 2579 1013 2636 Suetonium

112 2665 315 2735 Trunqmttum‚
333 2663 437 2735 inquit,
450 2664 644 2736 probissimum
656 2663 870 2720 honestassimum
886 2664 1014 2720 eruditus-

109 2751 207 2803 simum
223 2749 322 2816 uirum,
339 2753 365 2801 et
377 2761 467 2803 mores
481 2749 538 2803 eius
550 2753 659 2804 secutus
675 2747 817 2817 metudio,
832 2749 888 2802 iam
901 2747 1012 2819 pridem

109 2834 136 2886 ua
154 2830 359 2886 contubernium
375 2831 519 2902 adsumpsi
541 2836 667 2904 tantoque
687 2833 775 2903 moyes
793 2831 905 2903 diluere
926 2833 1014 2902 coepi,

109 2922 210 2987 quanto
224 2913 297 2969 bunc
308 2916 427 2985 propius
440 2917 557 2986 inspersi.

172 2996 307 3064 Quantum
323 3014 358 3052 ex
373 2997 417 3054 his
429 2997 562 3054 Plinienis
573 2998 644 3055 locis
656 2998 816 3068 intelligere
834 2997 911 3067 lieet,
927 2997 1014 3052 Tran-

111 3081 213 3151 quillus
240 3081 323 3136 nullis
349 3081 507 3137 muneribus
532 3089 578 3136 aut
599 3081 728 3136 militaris
748 3087 794 3135 aut
818 3080 948 3151 publicae
970 3079 1012 3135 rei

111 3165 220 3220 iunctus
231 3164 367 3235 privatam
383 3181 415 3219 ac
431 3165 695 3220 scholasticam
711 3163 814 3219 vitam
830 3163 935 3233 exegit,
951 3163 1013 3219 dnm

110 3247 225 3302 Plinium
243 3247 372 3320 epistulis
388 3247 545 3303 scribendis
561 3248 672 3304 adiuvat
689 3245 830 3316 otiumque
846 3246 891 3302 vel
912 3245 1013 3302 litteris

109 3331 244 3402 impendit
258 3331 303 3386 vel
322 3330 468 3402 discipulis
480 3331 526 3386 vel
542 3331 698 3386 clientibus.
731 3328 801 3384 liinc
817 3329 845 3383 lit
860 3334 890 3382 ut
903 3345 916 3384 s
927 3330 1013 3385 cho-

110 3414 277 3470 lasticum
293 3415 464 3470 hominem
483 3409 518 3486 (1.
531 3431 556 3470 e.
569 3412 737 3469 rhetoricum
754 3412 944 3484 professorem
959 3413 1012 3468 cir.

108 3497 181 3554 inlra
197 3515 224 3569 p.
241 3503 308 3570 271,
326 3494 374 3571 17)
392 3497 497 3554 Plinius
515 3502 595 3567 l‚24
610 3497 748 3568 appellet,
763 3486 965 3581 ypuupi‘atmubu
985 3502 1014 3551 et
