2286 3944
1019 120 1025 167 l

0 196 51 239 at.
79 199 100 247 0
125 197 275 247 SUETOHI
292 196 421 256 TmQ.
437 197 484 242 DE
501 197 585 243 VITA
600 195 787 244 canentum
803 196 875 244 ant.
891 198 950 247 VII.

20 450 22 456 >
38 422 125 481 tibus
136 437 194 478 non
205 419 429 496 modonegavit,
441 418 533 476 sedet
544 435 718 477 concessum
729 417 878 480 aclaudio
888 420 987 481 bened

14 509 78 582 ium,
91 523 128 562 ue
139 504 232 562 bieme
244 505 382 581 initioque
396 503 462 561 anni
474 501 701 562 adiudicandum
711 513 929 581 evocarentur,
941 505 987 563 eri
1024 492 1027 577 Ι

5 618 8 639 ι
23 592 66 648 ιἰ.
97 587 321 647 Existimabatur
333 589 417 645 etiam
428 586 573 645 senatoria
585 593 615 644 ct
623 589 770 664 equestria
782 587 884 647 officia
901 580 989 647 bienni

1 673 91 753 patio
103 671 353 747 determinaturus,
363 688 419 729 nec
430 670 546 730 daturus
557 669 614 728 nisi
625 670 721 728 invitis
733 688 768 730 ao
780 673 1006 731 recusantibust

18 755 341 830 lberalitateslleronis,
349 772 406 814 non
414 753 480 832 plus
488 753 607 813 decimis
617 755 779 829 concessis,
790 772 847 832 per
856 758 987 834 quinqrm

2 843 77 908 inta
94 842 207 918 equites
220 840 255 899 li.
271 857 306 898 ea
319 838 490 897 condicione
502 836 685 897 revocandas
698 839 812 896 curavit
822 839 988 916 exigendas

5 934 103 1001 ·ue,ut
117 933 145 983 et
153 925 176 982 si
185 923 252 1002 quid
260 924 385 982 scaenici
393 929 440 981 ant
446 923 551 996 xystici
564 920 699 979 donatum
706 921 776 981 olim
783 922 988 1000 vendidissent,

4 1008 160 1068 uierretur
181 1006 373 1086 emptoribus,
396 1004 511 1083 quando
528 1004 571 1064 illi
587 1005 682 1082 pretio
701 1004 857 1085 absumpto
878 1006 988 1068 solvere

5 1111 35 1151 ,ιι
56 1093 158 1150 uirent.
995 1101 1010 1142 ιι

37 1109 99 1234 th
112 1185 211 1234 contra
223 1174 291 1233 nibil
300 1190 418 1252 nonper
426 1172 546 1231 comites
556 1179 643 1249 atque
650 1169 773 1231 libertos
783 1175 882 1250 pretio
890 1172 987 1248 addici,
1024 1082 1030 1185 ι

4 1269 46 1319 ut
61 1258 161 1318 donam
179 1260 272 1334 gratia
290 1274 393 1334 passus
406 1265 465 1331 est,
484 1254 639 1332 vectigalia
655 1256 867 1332 immunitates,
886 1273 988 1336 poenas

8 1343 192 1401 onocentium
203 1342 386 1417 impunitates
395 1341 556 1399 noxiorum.
576 1339 757 1414 Quinetiam,
776 1340 892 1418 populo
905 1340 987 1400 lide-

6 1432 139 1484 ·oscentc
150 1422 324 1500 supplicium
334 1422 432 1482 Haloti
446 1432 475 1481 et
487 1422 628 1500 Tigillini,
639 1421 721 1482 solos
734 1439 772 1481 ex
790 1423 927 1484 omnibns
937 1423 986 1484 Ne

12 1509 76 1567 onis
89 1507 247 1565 emissariis
258 1506 306 1565 vel
317 1506 599 1567 maleficentissimos
609 1505 771 1566 incolumes
790 1511 938 1584 praestitit
952 1515 1010 1568 ain

3 1618 7 1643 ·
23 1608 52 1649 ·e
64 1592 182 1667 insuper
194 1589 328 1648 Halotum
340 1592 545 1668 procuratione
557 1589 732 1668 amplissima
745 1594 871 1668 ornavit,
885 1610 940 1670 pro
947 1590 985 1652 'li-

20 1674 100 1734 ‘llino
113 1675 198 1733 etiam
210 1675 350 1734 saevitiae
366 1673 504 1752 populum
518 1673 613 1734 edicto
626 1675 778 1753 increpuit.
1027 1672 1032 1767 l

58 1755 198 1817 Perhacc
210 1775 303 1836 prope
316 1759 458 1817 universis
477 1757 624 1817 ordinibus
643 1757 786 1834 offensus,
807 1758 857 1817 vel
882 1759 987 1838 praeci-

0 1860 54 1905 rua
66 1840 206 1918 flagrabat
217 1841 323 1901 invidia
335 1841 411 1920 apud
422 1841 538 1901 milites.
560 1840 632 1901 Nam
646 1859 709 1900 cum
720 1844 748 1900 in
759 1841 851 1902 rerba
869 1845 934 1902 eius
946 1840 987 1901 ab·

3 1929 90 1986 entis
102 1925 259 1986 iurantibus
276 1925 440 1985 donativum
452 1925 589 2000 grandius
599 1925 687 1984 solito
695 1927 858 2003 praepositi
866 1943 1013 2004 pronun-a

10 2013 130 2087 lassent,
142 2028 238 2089 neque
248 2019 338 2070 ratam
350 2029 410 2090 rem
422 2009 520 2069 habuit
532 2017 561 2069 et
572 2007 693 2068 subinde
704 2010 833 2085 iactavit,
846 2009 989 2088 legerere

0 2132 1 2138 κ
28 2094 138 2171 ilitem,
165 2113 228 2156 non
243 2113 342 2155 emere
358 2111 545 2164 conecterem
570 2101 655 2171 atque
672 2110 708 2152 eo
737 2091 854 2170 quidem
877 2095 990 2153 nomine

6 2181 107 2257 mnis,
126 2181 173 2257 qui
185 2179 291 2258 ubique
304 2188 400 2254 erant,
413 2176 608 2238 exacerbavit.
642 2175 775 2236 Ceterum
791 2180 991 2255 praetorianos

6 2265 85 2322 tiam
96 2271 173 2321 metu
186 2273 214 2322 et
226 2263 394 2340 indignitate
407 2263 571 2337 commovit,
584 2277 737 2320 removens
748 2260 870 2320 subinde
879 2260 989 2338 pleros·

5 2372 9 2397 ·
39 2364 66 2421 e,
79 2354 109 2404 ut
121 2356 276 2423 suspectos
289 2357 318 2406 et
328 2345 483 2424 Nymphidi
495 2347 604 2405 socios.
635 2343 694 2404 Sed
710 2346 833 2404 maxime
851 2343 1015 2403 fremebata

2 2429 160 2504 operiaris
173 2428 342 2488 Germaniae
358 2432 516 2504 exercitus,
530 2428 656 2489 fraudari
674 2446 706 2487 se
725 2430 852 2506 praemis
870 2437 990 2488 navatae

3 2509 137 2570 dversus
153 2510 254 2570 Gallos
266 2521 294 2571 et
306 2513 458 2572 Vindicem
470 2529 590 2590 operae.
618 2511 699 2589 Ergo
718 2514 801 2591 primi
821 2511 991 2591 obsequium
1032 2566 1035 2593 4

12 2611 130 2672 umpere
144 2596 217 2669 ausi,
230 2594 276 2653 Hl.
288 2593 348 2654 lan.
362 2595 440 2672 adigi
454 2604 636 2655 sacramento
648 2597 704 2655 nisi
716 2597 745 2655 in
757 2613 863 2656 nomeu
876 2604 991 2655 senatus

13 2687 165 2739 ecusarunt
175 2680 327 2756 statimque
339 2678 515 2756 legationem
534 2679 568 2739 ad
587 2681 787 2757 praetorianos
799 2698 863 2738 cum
879 2678 990 2738 manda·

9 2765 35 2822 is
53 2761 280 2839 destinaverunt,
300 2761 465 2840 displicere
482 2763 700 2841 imperatorem
720 2762 753 2823 in
766 2761 924 2841 Hispania
940 2762 1016 2840 fan

17 2853 98 2917 tam,·
114 2845 259 2925 eligerent
271 2845 334 2924 ipsi
347 2865 435 2926 quem
450 2847 552 2908 nancti
571 2847 726 2907 exercitas
744 2843 990 2925 comprobarent.

7 2929 84 2990 tuod
103 2940 134 2991 ut
158 2932 313 2990 nuntiatum
337 2940 398 3007 est,
419 2933 570 3009 despectui
595 2947 739 2990 essenon
763 2939 821 2991 tam
844 2939 991 2990 senectam

2 3033 77 3074 uam
94 3032 177 3094 quam
190 3015 341 3076 orbitatem
359 3025 453 3091 ratus,
477 3015 611 3076 Pisonem
628 3012 717 3091 Frugi
734 3013 927 3090 Licinianum,
942 3030 990 3071 no·
1034 3028 1037 3122 Ι

5 3099 85 3158 ilem
99 3101 308 3178 egregiumque
321 3102 453 3159 iuvenem
464 3118 498 3160 ac
511 3100 565 3159 sibi
579 3098 646 3158 olim
659 3097 893 3176 probatissimum
904 3105 991 3157 testa·

27 3191 152 3261 entoque
165 3201 280 3262 semper
292 3183 405 3244 labana
419 3194 447 3244 et
464 3202 568 3244 nomen
586 3182 743 3260 adscitum,
762 3190 915 3260 repentae
933 3189 1017 3239 mett
1035 3210 1038 3263 p

4 3267 44 3324 la
69 3266 249 3326 salutantium
271 3268 354 3328 turba
376 3267 565 3347 adprehendit
582 3266 726 3344 liliumque
748 3265 902 3344 appellans
924 3282 989 3343 per·

5 3350 78 3407 ωιιι
103 3352 131 3407 iu
153 3360 239 3407 castrt
265 3369 299 3395 ac
318 3369 372 3429 pro
392 3354 528 3412 coctione
547 3350 709 3428 adoptavit,
735 3367 772 3408 ne
790 3358 857 3408 tnnc
875 3347 991 3427 quidem

5 3432 124 3490 onera·
144 3431 169 3475 ·¹¹
229 3465 234 3486 ι
298 3436 447 3494 moriac·
506 3431 736 3491 instabiliorem
755 3433 941 3492 occasionem
953 3431 993 3492 tt.
