2256 3930
86 221 148 269 xvt
434 221 639 270 Puuuusuto.

94 396 147 452 que
163 385 280 436 aetatem
298 396 386 451 usque
407 382 441 437 ad
457 380 566 454 imperii
582 379 661 436 initia
681 395 813 436 annorum
829 381 930 436 ordine
949 397 1000 438 ex-

91 469 193 535 ponat,
216 469 271 519 tum
287 479 356 520 vero
376 480 469 520 mores
489 481 541 537 per
564 464 722 520 universum
745 462 856 536 imperii
878 465 999 536 spatium

92 547 204 618 publice
219 545 404 620 privatimque
423 547 551 620 proditos
570 545 733 617 singillatim
747 562 838 618 neque
858 563 910 620 per
927 555 1000 604 tem-

92 645 160 701 pora
187 630 238 685 sed
258 646 309 702 per
326 631 437 703 species
453 631 584 688 virtutum
607 630 653 687 vel
674 629 804 686 vitiorum
827 638 1000 702 exsequatur

92 714 132 785 (p‘.
148 717 192 780 20,
208 719 250 773 13.
268 718 318 783 41,
335 720 383 778 183
397 719 447 785 65,
466 710 514 788 17)
531 712 651 785 denique
667 729 763 769 rursus
779 719 934 786 temporum
951 731 1000 771 or-

92 795 183 851 dinem
198 812 319 868 seqncns
334 797 437 854 indicia
454 813 517 853 mox
533 796 642 852 loturae
658 796 754 852 mortis
772 796 918 868 ipsumque
937 798 1001 855 obi-

91 885 147 934 tum
162 896 222 934 cum
239 881 397 938 testamenti
413 880 576 953 quibusdam
592 879 730 952 capitibus
746 886 867 936 enarret.
899 880 1000 954 Neque

92 969 181 1017 tamen
205 963 321 1018 eundem
343 981 453 1036 semper
476 964 602 1020 ordinem
623 963 651 1018 in
676 963 850 1034 explicandis
871 965 1000 1021 moribus

92 1046 232 1116 servavit,
255 1047 306 1102 sed
328 1047 376 1102 ubi
396 1063 442 1102 res
459 1047 601 1120 postulare
616 1045 678 1102 visa
696 1052 755 1116 est,
773 1047 819 1102 vel
839 1063 854 1102 a
874 1047 999 1119 publicis

92 1130 138 1185 vel
156 1128 303 1201 aprivatis
321 1130 444 1186 moribus
460 1130 568 1185 initium
585 1129 703 1202 sumpsit
718 1129 890 1202 primumque
905 1131 999 1188 locum

92 1213 138 1267 vel
149 1212 301 1268 minoribus
313 1213 359 1268 vel
375 1212 525 1270 maioribus
540 1214 625 1269 rebus
640 1212 726 1270 dedit.
759 1213 811 1269 l'er
823 1214 914 1270 omnia
925 1215 998 1271 hane

92 1295 146 1351 sibi
164 1297 255 1366 legem
269 1296 420 1369 scripsisse
433 1297 560 1367 videtur,
581 1313 617 1351 ne
630 1296 687 1352 alla
708 1295 736 1351 iu
754 1313 785 1352 re
802 1296 936 1353 incertam
952 1303 999 1354 aut

92 1395 168 1434 snam
184 1384 231 1434 aut
245 1379 362 1436 aliorum
377 1380 536 1452 opinionem
558 1384 724 1451 sequeretur
738 1396 828 1450 neque
844 1380 998 1454 interposi-

92 1462 128 1516 tis
146 1462 379 1532 disputationibus
393 1464 527 1520 lectorum
544 1464 650 1520 animos
662 1468 855 1536 praepararet,
871 1465 924 1521 sed
936 1463 998 1521 ubi·

93 1561 145 1616 que
162 1546 288 1617 exempla
310 1547 448 1603 luculenta
464 1552 635 1619 proponeret
656 1562 758 1618 resque
780 1547 864 1602 rebus
880 1548 997 1603 coniun-

91 1633 181 1698 geret.
226 1627 306 1684 Adde
326 1631 421 1686 miram
442 1630 583 1687 scribendi
603 1628 769 1686 brevitatem
791 1630 997 1702 verborumque

90 1711 302 1783 parcimoniam,
319 1719 347 1768 et
361 1713 503 1784 intelliges
519 1719 596 1770 reete
615 1713 672 1769 dici
689 1713 801 1782 solere,
816 1713 920 1768 nullum
936 1715 996 1770 lere
1038 1702 1041 1772 l

90 1794 255 1866 scriptorem
270 1802 324 1852 tam
346 1797 449 1868 exiguo
467 1797 540 1852 libro
557 1802 657 1853 tantam
679 1812 771 1851 rerum
794 1796 996 1852 multitudinem

90 1893 123 1932 ac
138 1883 179 1933 tot
191 1879 329 1949 exquisita
341 1879 445 1935 veteris
457 1879 593 1936 historiae
609 1885 637 1934 et
647 1879 722 1936 vitae
739 1880 903 1935 documenta
920 1896 995 1936 coru-

88 1961 281 2032 prehendisse.

150 2044 267 2100 Diceudi
281 2063 386 2117 genere
402 2063 468 2102 usus
487 2052 529 2102 est
546 2045 666 2118 simplici
677 2061 710 2102 ac
721 2061 802 2118 puro,
819 2046 922 2120 nullam
935 2047 996 2102 iere

92 2127 248 2198 elegantiae
266 2130 374 2186 laudem
396 2129 543 2186 allectante
565 2129 620 2184 nisi
637 2128 755 2199 singulis
771 2129 799 2184 in
817 2129 911 2185 vorbis
929 2147 996 2202 pro-

92 2211 249 2282 prietatem,
267 2212 294 2267 in
309 2213 410 2268 iunctis
425 2213 663 2284 perspicuitatem.
708 2211 852 2269 Praesenti
868 2219 995 2285 tempore

92 2295 126 2349 de
141 2295 303 2366 praeteritis
318 2297 402 2351 rebus
420 2295 563 2351 rarissime
580 2312 646 2350 usus
661 2301 719 2364 est,
734 2302 764 2350 ut
779 2313 807 2368 p.
824 2301 857 2364 9,
874 2303 916 2354 11.
931 2301 995 2366 aot,

90 2383 133 2436 27.
169 2377 225 2432 Sed
239 2378 308 2433 nulli
323 2378 418 2434 virtuti
433 2395 521 2449 aeque
540 2395 573 2433 ac
587 2378 719 2434 brevitati
735 2378 854 2435 inservit
869 2380 905 2434 ob
921 2395 996 2435 eam-
1039 2416 1041 2424 ·

91 2477 144 2530 que
161 2477 270 2515 causam
285 2461 345 2516 eius
363 2460 502 2530 Caesaris,
518 2461 597 2516 cuius
610 2461 693 2517 vitam
708 2461 817 2531 scribit,
835 2477 935 2517 nomen
950 2479 994 2519 ra-

92 2543 202 2598 rissime
216 2543 294 2614 ponit
306 2550 333 2598 et
349 2544 496 2615 participia
508 2561 578 2600 unus
592 2546 709 2601 omnium
725 2545 843 2600 maximo
858 2561 914 2601 uon
926 2561 996 2602 eon-

91 2627 236 2682 temuenda
255 2632 313 2682 arte
330 2628 495 2698 frequentat.

74 2728 81 2786 j
154 2709 202 2764 llis
220 2709 306 2779 igitur
321 2711 544 2766 virtutibusscum
558 2710 744 2766 Suetonianae
756 2710 905 2766 Caesarum
919 2711 995 2768 vitae
1038 2744 1041 2821 p

93 2793 364 2864 commendarentur,
402 2794 552 2849 mirandum
582 2809 636 2850 non
668 2801 711 2850 est
743 2809 844 2864 magno
874 2793 996 2849 omnium

93 2877 192 2946 plausu
216 2892 280 2930 esse
298 2883 440 2949 exceptas.
480 2876 547 2933 Nam
563 2893 617 2932 non
636 2877 718 2932 modo
734 2877 897 2947 frequenter
913 2876 997 2932 lecti·
1038 2830 1041 2969 Ι

94 2965 166 3014 tatae
188 2966 216 3014 et
236 2976 251 3014 a
272 2961 476 3030 posterioribus
504 2959 665 3029 historicis,
696 2960 756 3016 sive
777 2955 912 3031 pristinae
935 2960 997 3016 sive
1036 2974 1041 2998 =¹

94 3042 267 3098 Christianae
290 3043 422 3114 religioni
442 3043 545 3106 addicti
562 3043 689 3113 luerunt,
710 3049 860 3115 excerptae
886 3049 914 3096 et
935 3042 999 3098 imi·
1039 3059 1041 3151 Ι

93 3126 176 3181 tando
192 3142 344 3197 expressae
360 3133 432 3195 sunt,
449 3127 500 3181 sed
516 3127 561 3181 vel
578 3126 612 3180 ad
626 3125 747 3181 Graecos
763 3133 954 3198 pervenerunt
972 3132 999 3182 et

93 3225 143 3279 per
167 3215 251 3265 totam
272 3210 388 3265 mediam
414 3215 531 3264 aetatem
553 3208 580 3261 iu
604 3225 655 3263 usn
680 3226 817 3265 essenon
843 3209 997 3264 desierunt.
1040 3227 1041 3234 ¹

95 3292 244 3361 colligenti
268 3299 391 3348 veterum
414 3293 579 3363 scrIptorum
604 3292 682 3346 locos
704 3294 748 3347 vel
771 3291 930 3348 nominatim
954 3293 998 3347 vel

94 3374 177 3430 tacite
190 3376 349 3446 Tranquillo
363 3377 472 3430 debitos
487 3374 642 3458 apparebit,
659 3377 760 3430 nullam
776 3377 835 3430 lere
848 3375 998 3430 Caesarum

93 3457 221 3527 paginam
252 3459 419 3513 testimoniis
450 3457 653 3527 insequentium
682 3459 847 3530 scriptorum
874 3459 998 3513 destitui.
