2256 3930
85 270 109 317 X
428 264 624 314 PRAEFATIO

89 442 166 498 esec,
182 443 242 483 cam
256 432 408 482 ceterorum
423 427 553 489 amatam,
568 427 648 479 etiam
662 423 831 496 tpaobttiam,
850 427 941 482 attius

88 514 177 582 qinom
192 512 345 581 repetierit;
365 512 457 580 daque
473 507 574 563 ‘Iulias
594 507 714 564 Caesar’
735 509 763 562 tn
782 511 938 580 principio

90 596 147 650 dito
173 609 232 649 esse
256 593 346 648 verba.
390 592 510 647 Eandem
536 591 701 647 sententiam
730 607 790 646 cunr
817 593 950 649 doctissi

91 678 208 750 quisque
225 677 335 732 tulisset
351 682 380 731 ut
398 676 541 730 Turnebus
557 674 671 730 Ursinus
687 674 901 746 Clandorpius‚
920 684 949 732 et

91 760 195 816 mederi
212 761 238 815 ei
253 760 377 816 iacturae
394 758 547 816 studuisset
561 775 584 814 a.
602 764 667 816 1521
684 759 723 813 lo.
737 758 803 813 lud.
821 759 917 815 Vives
936 777 950 815 c

90 844 192 917 positis
207 843 392 915 supplementi
410 843 497 898 instar
515 842 622 912 aliquot
638 840 793 914 capitibus,
808 857 888 914 quae
908 860 948 915 po

91 928 226 984 Laevinus
242 928 404 982 Torrentius
419 925 553 997 ampliora
570 925 653 992 lecit,
669 925 746 980 solus
764 924 884 981 lsaacus
903 927 950 982 Car

92 1013 197 1080 bonus,
226 1018 347 1066 ceterum
369 1008 521 1079 Tranquilli
543 1009 724 1079 interpretum
748 1008 835 1063 iacile
859 1009 948 1082 princ

93 1094 186 1151 extitit
200 1094 247 1164 qui
259 1093 388 1148 Caesaris
404 1093 488 1148 vitam
502 1092 627 1147 illaesam
646 1092 681 1147 ud
696 1107 746 1147 nos
763 1093 940 1162 pervenisse

92 1177 291 1251 persuaderet,
311 1176 382 1231 mire
397 1181 564 1231 commentus
580 1175 706 1246 potuisse
720 1175 892 1246 scriptorem
909 1177 939 1232 in

92 1261 165 1317 libro
195 1261 229 1315 de
259 1260 327 1315 lulia
359 1264 443 1330 gente
473 1258 658 1329 Caesarisque
689 1259 884 1314 adulescentia
921 1277 950 1315 cr

91 1345 191 1400 suisse.
223 1343 384 1399 llcccntium
396 1342 464 1398 satis
481 1342 535 1397 erit
549 1343 618 1397 duos
637 1343 795 1414 appellasse
812 1341 859 1396 Fr.
877 1343 950 1398 nil

92 1427 154 1482 lium
178 1429 224 1498 qui
254 1427 335 1482 initio
356 1426 487 1481 Caesaris
517 1426 623 1496 aliquot
654 1426 781 1480 stellulas
802 1424 941 1482 delectus

91 1510 243 1580 gnificandi
266 1526 350 1566 causa
373 1509 519 1582 apposuit,
541 1515 568 1563 et
582 1508 760 1564 Niebuhriunr
778 1508 824 1579 qui
844 1510 934 1580 plane

92 1593 164 1649 mina
185 1594 283 1649 lacuna
307 1593 446 1649 Plutarchi
471 1592 617 1647 Caesarem
644 1592 773 1647 laborare
792 1591 950 1650 animadve

92 1677 147 1731 lam
168 1684 233 1748 post
255 1694 316 1732 uam
332 1677 399 1746 Lydi
416 1676 496 1730 locus
512 1675 646 1745 innotuit,
670 1676 798 1730 dubitare
816 1691 902 1732 nemo
922 1695 950 1732 su

91 1766 194 1831 polest.
230 1694 287 1815 ded
307 1766 336 1814 ut
351 1776 458 1816 omnem
476 1775 534 1812 rem
550 1759 735 1830 complectar,
755 1760 826 1813 baec
845 1759 910 1814 lere
931 1762 947 1816 d

92 1843 238 1898 derantur:

157 1922 186 1997 l)
203 1926 328 1981 exterior
339 1925 405 1981 libri
420 1925 525 1981 titulus.
554 1924 741 1980 Vetustissimi
754 1925 826 1979 enim
839 1926 909 1982 libri
922 1928 947 1982 ll

93 2009 199 2065 mianus
222 2016 250 2064 et
264 2009 415 2064 Vaticanus
434 2008 535 2081 lipsii,
557 2015 704 2080 praeterea
720 2008 865 2064 Parisinus
887 2018 950 2070 58&

91 2093 222 2163 Haganus
240 2085 285 2168 (l)
298 2092 411 2163 Wolfii,
428 2092 548 2163 denique
564 2091 768 2148 commemorati
783 2109 798 2148 a
813 2091 950 2150 Volaterr

92 2184 121 2232 et
135 2177 206 2232 Vive
221 2177 259 2233 ita
275 2177 423 2248 incipiunt:
444 2192 547 2230 annam
569 2190 653 2246 opens
669 2182 778 2230 sanatam
796 2175 935 2232 decimam

92 2268 161 2315 trem
180 2263 270 2315 amisit
295 2259 518 2331 sequentrbasqaa
541 2259 707 2324 coawlibas,
730 2275 866 2328 nusquam
893 2261 950 2316 adiu

92 2344 156 2398 Divi
171 2344 234 2397 lulii
253 2344 373 2398 nornine.
418 2343 632 2413 temptaverunt
648 2342 759 2412 quidem
779 2341 950 2412 reliquornu

92 2427 206 2480 brorum
227 2425 338 2480 scribae
355 2426 447 2480 multis
462 2425 551 2480 modis
568 2424 670 2479 hiatum
689 2426 820 2496 explere,
841 2427 909 2482 dun
924 2444 950 2482 ur

93 2525 192 2563 nomen
208 2507 313 2564 Caesar
328 2508 373 2563 vel
390 2509 444 2564 duo
460 2507 659 2564 IaliaoCaesar
674 2509 774 2580 primo,
790 2510 932 2580 secundo,
948 2525 950 2557 1

92 2592 131 2646 tio
149 2593 212 2647 loco
236 2591 384 2661 adiiciunt,
405 2592 470 2662 quin
487 2592 569 2646 etiarn
591 2592 663 2648 trina
678 2592 787 2647 nomina
805 2591 897 2647 Dicas
917 2593 950 2648 Ia

92 2675 197 2732 Caesar
219 2676 263 2730 vel
283 2674 372 2729 Iulias
392 2675 496 2732 Caesar
515 2675 600 2730 Dicas
614 2677 659 2731 vel
682 2675 765 2731 Caius
784 2673 878 2731 Iulias
900 2678 950 2734 θαι

92 2758 181 2830 primo
203 2759 267 2813 loco
293 2764 474 2829 praetexunt,
496 2776 592 2814 verum
612 2775 646 2814 eo
663 2759 750 2829 magis
768 2775 846 2815 suain
864 2760 950 2816 iuscit

91 2841 212 2914 produnt
228 2842 370 2896 consulum
385 2843 540 2898 nominibus
557 2859 612 2898 non
627 2841 771 2914 suppletis.
801 2841 902 2914 Neque
915 2845 950 2900 mi

92 2924 126 2980 de
137 2941 206 2980 rano
222 2925 338 2980 haustae
354 2927 555 2988 suntvulaares
571 2926 666 2997 operis
681 2925 885 2997 inscriptiones
900 2929 950 2984 dea

92 3007 274 3076 caesaricas,
297 3009 330 3062 alc
352 3011 404 3064 aila
426 3008 490 3063 XII
513 3009 678 3077 Caesarum,
699 3010 732 3063 de
754 3011 808 3066 cita
829 3017 856 3063 et
883 3029 950 3068 moa

90 3092 232 3146 duodecim
250 3093 400 3148 Caesarum
421 3093 547 3162 aliaeque
563 3093 685 3162 similos,
708 3109 768 3147 cum
789 3092 817 3147 in
836 3092 950 3152 llenrmi

91 3175 164 3231 libro
182 3175 294 3231 omnino
312 3177 385 3232 nulla
401 3183 535 3248 appareat
552 3172 628 3247 (nam
646 3177 792 3232 barbaram
807 3192 922 3234 manum
944 3198 950 3235 ι

91 3260 145 3314 culi
160 3259 223 3314 XlV
244 3275 298 3315 non
321 3255 404 3332 curo)
428 3276 567 3329 verusque
589 3260 653 3314 libri
676 3261 771 3314 titulus
795 3260 950 3332 antiquitus

91 3344 232 3397 nonnullis
249 3343 390 3412 librariis,
416 3359 487 3397 nunc
510 3361 523 3397 a
546 3343 628 3398 nobis
646 3343 775 3398 debuerit
791 3360 826 3397 cx
849 3344 950 3418 insequ

92 3425 158 3478 tium
174 3427 291 3481 vitarum
311 3427 444 3481 clausulis
461 3432 488 3480 ct
511 3426 742 3497 inscriptionibus
765 3433 906 3496 tamquam
928 3449 950 3502 p

92 3507 189 3561 liminii
207 3509 267 3562 iure
285 3509 449 3580 reciperari.
