2256 3930
86 199 133 247 XL
429 194 638 246 PRAEFATIO.
1033 197 1036 279 Ι

88 357 159 413 ludis
180 356 403 429 aladiatoriisque
426 354 583 412 muneribus
606 352 830 428 frequentissime
855 355 937 413 editis
957 359 998 413 iu-
1034 350 1036 418 Ι

89 442 191 496 teriecit
208 441 371 511 plerumque
390 439 536 495 bestiarum
556 436 759 509 Afra'canorum
780 440 940 496 6666161666
954 442 997 497 vel

89 523 202 591 similia,
218 523 268 578 eir.
284 540 311 594 p.
330 529 389 592 158,
407 531 439 582 10
454 539 515 594 sqq.
538 535 592 592 666
610 514 616 597 Ι
634 526 669 578 22
682 520 715 576 L.
727 520 815 579 [61661
830 522 996 580 Torrentius

89 623 141 680 pro
156 607 259 661 Licium
280 606 324 661 vol
339 607 452 678 Lycium
468 605 514 662 vel
535 604 634 659 Litium
657 596 671 683 ΙΙ
697 610 746 675 59,
763 611 797 662 21
822 606 924 662 aberat
944 611 995 664 eod

88 689 175 746 11666.
193 688 268 746 cort.
288 688 406 745 66116611
421 695 488 749 1533
504 703 556 761 pro
571 689 670 743 aderat
683 679 697 766 ΙΙ
712 694 755 756 60,
771 696 784 746 1
799 690 857 744 1666
871 690 995 748 66116611

89 779 157 833 1533
168 789 219 847 pro
235 774 312 844 16666
331 765 337 852 Ι
355 774 456 830 216616
467 779 492 827 61
504 786 587 826 scena
602 771 767 844 Stephanus.
785 773 856 827 ludis
871 780 898 828 61
911 788 995 829 sceno

89 857 193 913 116666.
214 873 264 928 pro
282 858 359 912 ludas
375 863 400 912 et
412 871 523 912 scenam
549 847 554 933 Ι
582 861 614 913 12
630 856 664 910 61
680 870 710 910 66
726 855 888 912 Beroaldus.
913 858 954 912 ud
967 871 996 912 66

91 940 167 996 Paris
179 946 256 1000 6116.
280 940 344 996 1166
356 945 381 996 2.
401 940 460 995 lixo
470 941 552 996 Voss.
569 939 643 995 sris.
662 955 714 1011 pro
731 953 762 994 se
782 929 796 1018 ΙΙ
817 944 866 1007 62,
890 947 928 1000 10
948 941 996 996 sed

90 1026 230 1080 6161661166
250 1023 380 1079 Pithoeus
398 1039 450 1095 pro
467 1024 559 1079 sedulo
576 1023 672 1078 lentius
696 1013 701 1100 Ι
726 1028 760 1082 33
780 1023 921 1093 adaperta
942 1026 995 1082 Be·

90 1108 204 1165 roaldus
232 1122 284 1179 pro
307 1107 440 1176 adoperta
464 1098 477 1184 ΙΙ
497 1112 595 1177 63,12
615 1108 657 1162 air
677 1108 763 1162 uirum
778 1107 943 1164 Torrentius
966 1113 996 1164 nt

90 1209 116 1264 p.
140 1195 188 1260 54,
209 1196 244 1248 20
267 1206 319 1263 pro
344 1191 530 1259 triumuirum,
551 1191 602 1246 sed
618 1190 669 1244 eir.
694 1197 779 1262 pso,
800 1197 834 1251 13
857 1181 862 1268 Ι
887 1197 921 1252 17
944 1206 997 1247 nec

89 1273 358 1346 mapna'lorrenlius
377 1266 383 1352 Ι
402 1279 436 1332 26
452 1274 521 1329 tribu
529 1274 667 1329 Erasmus.
686 1273 806 1328 tribubus
821 1273 993 1334 oodl'ulnll.

89 1358 157 1413 Edd.
174 1372 225 1428 pro
240 1357 325 1411 tribus
343 1347 349 1435 Ι
368 1363 400 1417 37
418 1359 526 1429 eripere
541 1358 660 1412 lunoler
675 1373 727 1430 pro
743 1359 862 1430 66166161
874 1348 890 1437 Ι
904 1363 950 1430 64,
962 1366 993 1418 11

88 1454 222 1497 consensa
239 1441 274 1496 ed
287 1441 352 1495 llom
365 1451 387 1498 1.
404 1446 420 1497 2
435 1457 486 1513 pro
505 1455 637 1496 concessu
655 1434 659 1516 Ι
679 1447 712 1501 31
728 1439 792 1496 buia
808 1441 872 1496 urbi
881 1441 995 1498 Ouden-

90 1523 204 1595 dorpius
223 1539 274 1594 pro
289 1523 353 1579 duic
368 1515 382 1603 ΙΙ
396 1530 440 1594 66,
453 1531 488 1582 20
509 1525 611 1581 Vinicio
628 1523 764 1594 (illarius,
779 1525 830 1580 sed
845 1525 896 1581 eir.
912 1523 994 1581 Orel-

89 1606 120 1662 lii
140 1605 276 1679 inseripll.
299 1624 345 1663 no.
360 1614 428 1668 3309
456 1603 462 1684 Ι
485 1614 519 1669 23
538 1615 635 1664 nature
655 1608 765 1680 Lipsius
787 1624 839 1681 pro
861 1615 964 1664 nature
987 1603 993 1688 Ι

88 1697 123 1750 30
139 1704 260 1744 mensum
274 1707 339 1760 666.
359 1706 498 1746 mensuum
505 1693 612 1747 Momm.
627 1708 679 1764 pro
694 1694 824 1747 mensium
838 1683 852 1772 ΙΙ
867 1699 914 1764 67,
929 1699 961 1758 2;
978 1700 996 1752 3

88 1773 678 1848 Ρ66616;1)]6661661111661666666666,ο
697 1775 792 1847 foedes
817 1770 822 1853 Ι
846 1782 880 1836 25
903 1775 994 1832 Satai-

89 1857 198 1911 66666
220 1857 694 1930 666661115336168616161661661
720 1850 726 1936 Ι
750 1865 783 1919 35
804 1862 850 1915 sui
870 1860 906 1917 ed
919 1859 993 1916 Basil

90 1946 159 1999 1533
174 1955 225 2011 pro
242 1956 309 1996 6666
327 1933 332 2020 Ι
351 1947 385 2002 38
399 1941 516 2013 sriporis
527 1942 636 2014 Lipsius
652 1957 703 2014 pro
718 1943 818 2014 ripaeis
833 1934 846 2021 ΙΙ
861 1949 904 2008 68,
919 1943 995 2000 21116

90 2023 250 2080 Torrentius
266 2041 318 2096 pro
332 2031 358 2080 61
373 2025 417 2079 laic
444 2018 449 2103 Ι
474 2032 506 2085 16
528 2025 652 2080 Licinum
668 2025 831 2081 Torrentius
851 2042 904 2098 pro
920 2027 993 2082 Lici-

89 2109 163 2162 nium
182 2098 186 2184 Ι
206 2114 231 2161 61
237 2109 366 2164 Celadum
379 2107 556 2165 0666616666
570 2124 620 2181 pro
627 2109 798 2164 Enceladum
812 2103 825 2184 ΙΙ
841 2115 885 2180 69,
900 2115 919 2168 4
936 2112 994 2168 airo

90 2190 233 2247 eodBasil.
249 2192 390 2248 Vindobl.
407 2193 558 2248 Beroaldus
570 2207 621 2264 pro
634 2193 686 2247 uiri
699 2183 712 2270 ΙΙ
726 2197 795 2262 71,6
810 2192 993 2264 technyphion

91 2291 145 2344 666
158 2266 173 2352 ΙΙ
188 2281 237 2346 72,
253 2281 269 2331 2
284 2277 370 2330 166166
385 2276 537 2330 Beroaldus
553 2292 604 2346 pro
620 2275 698 2330 ludos
716 2269 721 2353 Ι
741 2281 775 2334 18
792 2293 845 2346 quo
863 2277 993 2333 omillnnt

89 2357 344 2430 veluslallxoerpta
361 2363 388 2411 61
396 2359 540 2428 Egnatius,
557 2359 607 2412 eir.
619 2375 702 2430 supra
717 2359 863 2431 pXXXlll
878 2351 892 2439 ΙΙ
907 2366 993 2428 73,10

89 2441 267 2511 6661166666
277 2439 455 2496 casaubonus
471 2457 522 2512 pro
537 2443 701 2512 aipilandum
720 2435 725 2520 Ι
744 2449 778 2501 32
792 2449 819 2497 61
831 2447 994 2500 anemoria

87 2523 197 2594 Lipsius
217 2539 269 2594 pro
285 2526 364 2577 etiam
381 2526 539 2578 memoriam
553 2517 567 2602 ΙΙ
581 2529 626 2595 74,
642 2530 676 2581 22
689 2526 822 2582 66166616
838 2532 864 2582 61
876 2528 994 2584 Beroal-

90 2606 141 2662 dus
158 2622 209 2676 pro
224 2606 372 2662 subuculas
391 2603 395 2674 Ι
414 2613 448 2666 32
463 2614 513 2661 661
534 2624 589 2678 666
610 2625 661 2679 pro
681 2615 710 2663 at
728 2600 741 2688 ΙΙ
763 2615 813 2679 76,
830 2618 841 2668 1
860 2614 993 2682 66666616

90 2705 154 2759 666.
171 2695 289 2760 66666116
303 2689 431 2744 66166166
447 2707 499 2762 pro
510 2694 630 2746 sestertio
649 2684 655 2770 Ι
677 2697 707 2751 17
724 2696 841 2764 scriptos
853 2695 906 2749 666
915 2694 991 2750 cort.

89 2774 257 2828 Burmannus
276 2789 328 2846 pro
348 2776 456 2843 66116116
477 2767 490 2852 ΙΙ
509 2781 559 2844 76,
588 2776 814 2847 26661166,616.
832 2776 991 2834 Priscianus

88 2863 132 2924 10,
149 2861 176 2924 8,
193 2860 227 2914 43
246 2849 250 2927 Ι
271 2862 303 2913 14
320 2856 433 2913 Verrius
444 2859 608 2928 Beroaldus,
624 2859 759 2916 adversus
776 2867 931 2932 temporum
946 2879 992 2917 rn-

89 2938 190 2993 liones.
228 2939 348 2994 Granius
364 2938 543 3005 CasauBonus
562 2938 566 3014 Ι
588 2944 726 3002 16166616
744 2944 774 2999 lo
787 2945 820 2998 Fr
831 2943 991 3000 Gronovius

88 3038 140 3093 pro
155 3023 282 3078 inanibus
301 3016 305 3101 Ι
325 3029 360 3082 28
373 3025 493 3080 bocetum
507 3026 635 3081 Erasmus
656 3019 660 3104 Ι
679 3033 704 3081 61
715 3044 771 3097 pro
784 3028 862 3098 pulla
878 3027 947 3082 Edd.
963 3034 993 3082 61

84 3107 193 3176 pullum
211 3109 370 3179 pulloceum
391 3124 444 3179 666
471 3102 484 3187 ΙΙ
502 3115 534 3169 77
545 3115 585 3179 ,1
605 3125 662 3178 per
676 3113 743 3164 Arci
765 3111 918 3166 Salmasius
938 3128 990 3183 pro

86 3193 215 3258 sperarei
235 3184 247 3268 ΙΙ
266 3197 319 3262 79,
335 3197 352 3248 2
372 3191 561 3263 Hierosolyma
578 3194 745 3249 Burmannus
763 3211 813 3265 pro
830 3194 990 3265 1116666616-

87 3289 159 3326 mam
180 3269 184 3347 Ι
202 3280 234 3332 21
251 3281 394 3330 matronae
408 3275 711 3332 canaerairentErnesli.
728 3284 870 3331 matronae
882 3278 990 3331 domum

88 3358 158 3410 irent
182 3356 315 3414 Graevius
336 3353 348 3434 ΙΙ
370 3365 418 3428 80,
439 3365 456 3417 8
477 3360 623 3415 Caesarem
648 3361 771 3415 Draasam
795 3361 893 3414 lldller
917 3362 989 3432 apud

89 3440 199 3509 Baumg.
218 3441 342 3497 Crusiurn
361 3434 366 3519 Ι
386 3449 417 3499 21
434 3444 534 3497 ineius
548 3445 637 3498 sinum
653 3458 739 3514 remp.
757 3460 838 3515 qaaam
853 3460 920 3514 666,
937 3444 980 3498 eir
