2286 3944
208 259 484 308 nurnnnrronon
505 261 687 308 nranoauru
709 260 909 319 nunroumn.
1009 251 1070 313 287

84 417 203 478 enderet
216 424 329 493 partes,
347 416 438 493 primo
453 415 588 489 Quirinus
605 424 649 474 cst
664 416 773 491 dictus,
788 416 855 476 inde
868 415 988 493 Caesar,
1005 426 1072 495 post

84 520 97 560 ι
111 501 227 560 nornine
241 500 398 576 permansit
407 497 541 574 Augusti.
567 498 696 558 Seruius
708 499 751 558 ad
766 497 853 578 Verp.
867 500 968 578 Georq
983 509 1011 576 3,
1025 509 1071 560 27.

84 582 208 646 oannes
222 581 409 642 Laurentius
429 580 535 661 1μοοα
559 583 598 642 de
618 583 773 642 mensibus
799 592 818 642 4
845 602 876 660 μ.
902 592 955 644 1οΙ
971 582 1069 644 Bono.

84 666 184 730 7αννι
200 665 365 726 Suetonius
380 683 480 743 supra
494 685 526 744 p.
548 675 587 726 40
601 666 639 726 de
658 665 802 742 Taurino,
815 685 877 727 non
891 666 929 727 de
942 664 1071 738 Quirino

84 749 252 832 agnomine
266 758 492 810 commemorat.

133 833 309 895 Naturaliter
323 833 472 909 Augustus
486 835 591 909 igneos
603 833 705 892 oculos
720 833 857 892 habuisse
870 835 982 911 dicitur,
998 835 1071 894 adeo

84 929 102 979 rt
117 917 245 979 obtutum
262 920 323 976 eius
340 935 424 977 neruo
441 927 540 976 contra
559 927 715 995 aspectare
731 927 848 996 posset,
868 919 990 996 denique
1011 921 1071 996 qui·

84 1003 136 1064 lam
152 1021 242 1081 eques
256 1002 402 1062 Romanus
420 1001 616 1078 interrogatus
633 1000 668 1060 ab
685 1019 737 1077 eo,
754 1019 805 1060 cur
819 1020 852 1061 se
868 1005 932 1062 viso
945 1011 1073 1062 verteret

84 1089 194 1162 aciem,
210 1085 329 1145 dixerit:
349 1087 415 1163 quia
427 1085 535 1144 fulmen
548 1085 699 1144 oculorum
714 1095 826 1145 tuorum
838 1085 917 1146 ferre
931 1104 989 1145 uon
1004 1104 1072 1165 pos-

84 1188 150 1239 ιιιιιι;
174 1171 248 1230 sicut
268 1171 306 1228 ait
326 1170 490 1228 Suetonius.
520 1167 649 1228 Seruius
672 1169 715 1228 ad
740 1167 828 1248 Vero.
853 1168 929 1230 Aen.
954 1179 982 1245 8,
1003 1177 1070 1232 080.

84 1252 192 1315 lorum
208 1253 362 1313 minimam
378 1260 498 1328 partera
509 1252 602 1312 babet
612 1251 779 1313 Suetonaus
790 1271 889 1332 supra
896 1273 931 1333 p
947 1262 983 1313 73
985 1253 1070 1332 ,·ple

84 1355 171 1418 aque
184 1335 331 1397 Aurelius
349 1335 481 1398 Victor
469 1356 501 1396 an
518 1338 688 1414 epitomel,
706 1345 753 1397 20.

134 1414 202 1482 aut
215 1416 313 1480 τοῦτο
320 1412 548 1517 Τμάμκνλλος
562 1415 599 1480 ἐν
612 1428 681 1490 τοῖς
698 1413 772 1515 περὶ
783 1409 1003 1522 Auyoripuou
999 1417 1071 1480 dua·

84 1501 251 1585 ιε’μνηται
276 1495 391 1564 ἰδόντα
392 1496 468 1600 „T‘H’
491 1515 574 1582 φησι
596 1492 655 1564 τὸν
676 1493 915 1600 Αὕμονστον’
898 1524 935 1564 εν
957 1524 1002 1588 τῳ
989 1501 1073 1564 ia·

84 1586 244 1688 rodponirp
255 1577 348 1658 τινὰς
360 1584 427 1648 τῶν
434 1575 607 1685 Ῥωμαίων
622 1576 720 1647 ἐπὶ
686 1607 724 1648 το
735 1577 943 1682 βαρβαρικὸν
955 1565 1073 1648 ε’ὂταλ-

84 1667 196 1744 abacuc
220 1661 456 1769 ἀγανακτῆσαι,
474 1658 517 1741 ὡς
532 1661 601 1730 ἐν’
583 1678 702 1766 ακαρεῑ
718 1660 797 1742 τοὺς
811 1665 1074 1764 καταγνωσθέν-

84 1775 131 1828 ας
145 1744 424 1835 ἀποβαλόντας
391 1774 428 1815 το
449 1746 623 1834 βάρβαρον
644 1745 738 1833 μόγις
754 1749 1003 1835 ἐπιγνωσθῆναι
1027 1751 1074 1838 τῷ

84 1838 226 1919 Καίσαρι.
259 1837 394 1900 loannes
409 1837 597 1898 Laurentius
615 1837 720 1916 Lydus
743 1839 780 1899 de
792 1840 966 1918 magistrat.
982 1821 1070 1899 Rern.

84 1933 102 2001 l,
121 1931 158 1984 12
176 1943 209 2002 p
227 1931 280 1984 131
299 1922 398 1983 Boou.
422 1941 551 2001 quorum
570 1930 731 2000 postrema
752 1924 838 2001 apud
861 1922 1071 2002 Tranquillum

84 2026 105 2069 a.
122 2015 173 2083 56,
192 2015 231 2068 30
244 2025 306 2068 non
321 2007 469 2084 leguntur.

137 2092 284 2150 Sescenta
304 2091 381 2150 milia
403 2089 572 2150 ludaeorum
595 2107 630 2150 eo
649 2089 728 2150 bello
745 2091 897 2150 interfecta
917 2089 1071 2150 Cornelius

84 2173 100 2223 it
118 2165 275 2224 Suetonius
296 2163 434 2223 referunt.
482 2162 615 2226 Orosius
636 2175 663 2239 7,
688 2173 713 2226 9.
758 2165 842 2225 Sane
862 2165 1018 2226 Eusebius
1040 2167 1072 2226 in

84 2244 227 2309 lbronico
242 2253 272 2306 et
291 2246 419 2309 Tacitus
434 2247 505 2308 bist.
526 2260 553 2323 5,
572 2258 609 2310 13
615 2275 629 2319 ,·
648 2250 814 2310 Suetonius
829 2268 891 2310 non
906 2249 985 2309 item.

136 2343 175 2404 X.
203 2338 339 2423 Στέμμα
349 2331 520 2422 Ῥωμαίων
535 2332 669 2422 audomar
682 2335 861 2425 ἐπισήμων.
888 2344 1016 2405 Suidas.

142 2441 301 2492 Vocabulum
317 2436 390 2504 Σιέμ
371 2457 430 2505 μμα
448 2443 480 2492 ad
499 2444 665 2527 superiorem
677 2445 775 2492 titulum
793 2445 917 2509 pertinere
938 2458 1028 2494 censeo
1048 2455 1073 2494 et

84 2509 217 2562 addendam
236 2508 285 2558 hoc
300 2510 353 2560 loco
368 2511 580 2576 praepositionem
597 2510 671 2570 περί.
676 2508 841 2575 Σιέμμανα
861 2513 994 2578 proposuit
1016 2527 1071 2562 cum

84 2578 211 2629 lrnestio'
204 2593 232 2627 ιιι
243 2579 349 2628 Fabricii
360 2578 546 2640 bibliotheca2‚
562 2595 588 2644 p.
604 2579 657 2630 464
673 2581 748 2630 etiam
761 2580 918 2646 Bernhardy.

136 2661 285 2736 Hortaris,
307 2659 431 2738 Dexter,
450 2672 479 2721 ut
494 2663 688 2741 Tranquillum
707 2683 833 2743 sequens
855 2664 1073 2724 ecclesiasticos

84 2746 237 2824 scriptores
258 2744 286 2802 in
308 2745 437 2804 ordinem
457 2745 603 2823 digeram,
621 2757 650 2806 et
665 2748 743 2825 quod
760 2749 809 2808 ille
827 2749 856 2807 in
874 2747 1073 2807 enumerandis

84 2828 223 2905 gentilium
231 2827 494 2889 litterarumviris
514 2831 585 2890 iecit
605 2831 833 2907 illustribus,
851 2849 906 2908 ego
925 2834 953 2889 in
967 2831 1073 2889 nostris

84 2910 190 2986 luciam,
205 2910 234 2971 id
250 2921 294 2971 est
308 2922 338 2971 ut
405 2916 564 2992 omnesqui
578 2914 613 2974 de
630 2916 782 2992 scripturis
796 2916 903 2974 sanctis
918 2914 1074 2972 memoriae

84 2995 183 3076 rliquid
201 2995 389 3074 prodiderunt
406 2997 456 3056 tibi
474 2997 603 3056 breviter
616 3015 769 3076 exponam.
802 2998 947 3058 Fecerunt
959 2996 1074 3074 quidem

84 3096 131 3140 toa
149 3079 226 3140 idern
241 3080 317 3156 apud
333 3080 462 3142 Graecos
477 3081 652 3160 Hermippus
668 3083 893 3160 peripateticus,
910 3081 1073 3155 Antigonus

84 3160 241 3239 Carystius,
258 3164 377 3238 Satyrus
393 3164 495 3224 doctus
511 3167 571 3241 vir,
587 3174 616 3223 et
632 3165 721 3241 longe
744 3167 867 3224 omnium
892 3165 1075 3223 doctissimus

84 3244 271 3307 lastoxenus
300 3249 440 3316 musicus;
470 3248 547 3325 apud
571 3249 686 3308 Latinos
715 3259 810 3307 autem
832 3250 944 3323 Varro,
962 3248 1073 3322 Santra,

84 3322 197 3410 depos,
219 3330 349 3407 Hyginus
366 3341 395 3390 et
418 3331 469 3408 (ad
486 3333 566 3390 cuius
582 3349 635 3390 nos
651 3333 814 3410 exemplum
830 3334 875 3390 vis
891 3329 1072 3410 provocare)

84 3411 271 3492 Tranquillus.
300 3413 506 3493 Hieronymus
522 3414 565 3474 ad
577 3413 760 3475 Dextrumt.
779 3424 842 3494 2p.
861 3423 918 3475 821
938 3413 1072 3474 Vallars

84 3496 189 3577 Scripsi
212 3495 316 3558 librum
336 3498 379 3558 de
403 3497 625 3558 illustribus
654 3500 747 3559 viris
765 3544 772 3557 .
790 3544 797 3558 .
815 3545 822 3561 .
838 3501 962 3560 imitatus
985 3497 1059 3557 Tran
