2286 3944
1 198 37 260 ¹6
61 209 90 257 c.
108 206 258 256 suuroru
275 203 403 264 annuo.
417 204 464 250 on
483 199 565 252 trra
581 203 771 253 consenum
790 205 859 251 nnn.
873 206 941 254 vnn.
997 178 1005 285 l

2 381 54 423 ore
73 363 173 421 veteri.
212 361 284 420 Nam
304 377 367 419 cum
383 357 511 419 Oculatis
529 357 690 436 sororibus,
708 359 778 418 item
793 358 965 420 Varronillae

1 464 94 505 oerum
114 446 213 504 mortis
234 445 412 522 permisisset
433 442 578 502 arbitrium
602 451 855 522 corruptoresque
879 462 964 503 earum

7 531 152 605 legasset,
177 545 246 587 mox
268 526 433 587 Corneliam
458 527 609 585 maximam
631 527 790 604 virginem,
815 527 964 587 absolutam

1 615 53 688 lim,
73 612 139 671 dein
154 612 244 689 longo
261 610 413 671 intervallo
427 612 580 687 repetitam
596 618 682 688 atque
696 613 866 671 convictam
877 609 963 670 deiodi

0 697 136 775 iperavit,
156 704 394 773 stupratoresque
410 695 501 770 virgis
519 695 548 752 in
563 695 680 753 comitio
700 693 738 753 ad
752 712 859 754 necem
880 694 977 769 caedi,⁵

0 789 102 858 cepto
118 782 266 857 praetorio
282 781 361 847 viro;
379 779 434 854 cui,
453 776 539 836 dubia
555 778 640 836 etiam
656 786 714 836 tum
731 795 821 838 causa
839 787 867 837 et
882 781 961 837 incer·

2 890 7 916 ;
28 862 245 943 quaestionibus
262 871 347 940 atque
362 862 511 920 tormentis
525 859 561 919 de
578 869 671 920 semet
687 862 841 939 professo,
859 862 961 921 exilium

6 948 101 1007 dulsit.
140 945 184 1005 Ac
204 965 240 1006 ue
264 964 319 1023 qua
340 944 445 1021 religio
464 943 549 1003 deum
572 946 686 1022 impune
717 947 960 1020 contaminaretur,

1 1034 187 1106 pulmentum,
204 1030 281 1108 quod
295 1029 415 1088 libertus
436 1028 498 1087 eius
520 1046 536 1087 e
556 1027 700 1107 lapidibus
722 1028 835 1108 templo
857 1028 960 1108 Capito

4 1135 25 1174 ιι
45 1113 123 1173 lovis
143 1113 292 1172 destinatis
308 1112 367 1172 lilio
384 1120 581 1189 exstruxerat,
599 1111 684 1170 diruit
707 1129 762 1190 per
783 1113 982 1190 milites,os·1t

0 1216 66 1276 que
83 1206 111 1256 et
128 1197 267 1274 reliquias
284 1214 358 1273 quae
374 1197 485 1255 inerant
500 1197 569 1255 mari
589 1197 699 1254 mersit.

36 1281 114 1340 Inter
127 1281 206 1339 initia
220 1297 311 1357 usque
328 1279 402 1338 adeo
417 1279 452 1338 ab
469 1281 545 1338 omui
563 1279 653 1340 caede
670 1278 863 1357 abhorrebat,
880 1289 908 1338 ut
921 1278 959 1339 ab·

0 1375 57 1424 nte
74 1363 165 1423 adbuc
182 1371 264 1440 patre
278 1362 449 1422 recordatus
468 1361 585 1440 Virgilii
604 1381 733 1422 versum:

58 1445 159 1524 impio
174 1463 266 1523 quom
283 1446 385 1506 cuceio
397 1464 473 1525 pecc
488 1451 535 1506 eet
550 1447 677 1524 epulata
689 1446 839 1521 iuvencis,

0 1532 90 1589 dcere
108 1529 269 1605 destinarit,
289 1548 325 1589 ne
346 1529 440 1589 boves
456 1529 678 1590 immolarentur.
712 1528 884 1608 cupiditatis
901 1537 982 1607 quo-¹³

13 1622 131 1691 eatque
147 1614 284 1673 avaritiae
304 1615 354 1672 rix
375 1615 563 1692 suspitionem
583 1614 669 1674 ullam
689 1622 737 1674 ant
760 1615 891 1692 privatus
913 1631 959 1671 um·

14 1715 58 1756 am
72 1706 120 1756 aut
136 1697 273 1775 princeps
290 1697 454 1776 aliquandiu
472 1697 566 1775 dedit,
590 1700 675 1758 immo
695 1714 711 1756 e
730 1696 849 1758 diverso
870 1713 960 1773 magna

8 1799 64 1859 epe
80 1797 136 1839 non
151 1779 341 1841 abstinentiae
357 1782 444 1841 modo
472 1780 525 1840 sed
549 1783 634 1841 etiam
659 1781 842 1842 liberalitatis
857 1782 961 1861 experi-

3 1874 79 1924 enta.
120 1863 217 1924 Omnis
241 1866 319 1925 circa
341 1883 373 1924 se
399 1865 562 1942 largissime
592 1873 781 1943 prosecutus,
803 1863 873 1924 nibil
894 1865 962 1943 prius

12 1958 22 2009 t
44 1950 139 2010 acrius
158 1951 266 2008 monuit
286 1966 369 2026 quam
389 1967 425 2008 ae
449 1948 517 2027 quid
534 1949 650 2009 sordide
667 1950 809 2009 facerent.
841 1948 985 2008 aerucam

7 2053 29 2093 ιι
46 2033 225 2093 hereditates
240 2032 275 2092 ab
289 2035 334 2109 iis,
354 2032 456 2110 quibus
474 2033 558 2092 liberi
574 2041 668 2110 erant,
684 2049 742 2092 non
757 2033 883 2111 recepit.
919 2032 962 2091 Le·

1 2126 70 2176 tum
87 2120 172 2178 etiam
186 2136 224 2176 en
237 2126 408 2177 testamento
426 2117 514 2177 llusci
533 2115 707 2195 Caepionis,
731 2119 780 2194 qui
804 2134 888 2177 caver
896 2125 923 2176 at
938 2122 962 2174 ot

1 2210 44 2261 tot
71 2203 153 2261 annis
179 2200 407 2278 ingredientibus
434 2203 541 2261 curiam
562 2199 744 2262 senatoribus
766 2208 875 2259 certam
898 2217 963 2260 sum-

2 2304 46 2345 am
63 2285 167 2344 viritim
183 2293 345 2362 praestaret
359 2284 445 2344 heres
461 2303 543 2361 suus,
561 2284 669 2344 irritum
686 2284 765 2344 lecit.
800 2284 900 2361 Reos,
923 2281 964 2363 qui

11 2376 39 2426 te
61 2368 282 2445 quinquennium
304 2369 462 2446 proximum
483 2368 559 2446 apud
579 2370 720 2428 aerarium
750 2367 988 2446 pependissenttt

11 2452 125 2508 irersos
142 2450 306 2510 discrimine
327 2451 479 2528 liberavit,
503 2470 557 2512 nec
582 2452 676 2531 repeti
696 2451 751 2510 nisi
772 2453 847 2511 intra
867 2467 965 2511 annum
999 2472 1001 2477 ·

9 2550 64 2611 que
81 2533 245 2592 conditione
269 2536 412 2612 permisit,
434 2543 463 2594 ut
481 2537 644 2595 accusatori
659 2537 706 2613 qui
723 2552 839 2594 causam
855 2553 914 2595 non
930 2544 965 2593 te·

0 2625 55 2677 ret
69 2616 185 2676 exilium
201 2633 297 2694 poena
317 2626 405 2677 esset.
442 2617 559 2680 Scribas
576 2618 759 2698 quaestorios
781 2619 965 2696 negotiantis,

0 2727 3 2755 ;
27 2699 232 2761 consuetudine
249 2699 301 2759 sed
318 2710 418 2761 contra
431 2699 560 2762 Clodiam
577 2703 685 2780 legem,
701 2703 786 2762 venia
797 2703 825 2761 in
840 2711 966 2781 praeter·

14 2804 40 2844 m
64 2783 187 2844 donavit.
224 2783 392 2862 Subsicira,
422 2803 495 2864 quae
518 2785 618 2846 divisis
636 2804 690 2866 per
710 2793 869 2846 veteranos
891 2786 991 2863 agristt

8 2869 93 2947 rptim
109 2867 328 2948 superfuerunt,
344 2869 492 2930 veteribus
515 2869 735 2949 possessoribus
756 2878 786 2929 ut
808 2888 861 2929 usn
886 2878 968 2948 capta

0 2953 128 3012 *acessit
164 2951 295 3013 Fiscales
315 2952 470 3014 calumnias
492 2972 596 3032 magna
619 2953 849 3015 calumniantium
874 2969 968 3032 poena

1 3039 129 3115 pressit,
151 3037 356 3116 ferebaturque
377 3055 437 3098 vox
458 3038 535 3098 eius:
561 3037 712 3117 Princeps
733 3035 786 3117 que'
810 3035 968 3098 delatores

0 3138 32 3179 m
46 3121 190 3200 eoetipct,
207 3121 320 3183 irritat.
728 3175 732 3180 ,

34 3204 92 3263 Sed
118 3223 212 3283 neque
233 3208 262 3265 in
285 3205 455 3267 clementiae
474 3223 569 3284 neque
597 3206 626 3265 in
650 3205 841 3266 abstinentiae
865 3213 995 3265 tenorett

0 3288 142 3364 rmansit,
159 3297 189 3347 et
205 3298 299 3349 tamen
315 3290 459 3369 aliquanto
476 3289 600 3350 celerius
616 3289 652 3349 ad
675 3291 824 3350 saevitiam
847 3288 970 3348 descivit

10 3370 110 3428 amad
134 3371 328 3449 cupiditatem.
363 3373 541 3454 Discipulum
557 3371 667 3431 Paridis
689 3374 854 3450 pantomimi
878 3373 969 3450 impu·

7 3451 178 3510 remedius
207 3463 231 3508 nt
254 3474 315 3512 eurr
338 3460 458 3517 maxima
478 3471 612 3512 aeorum,
640 3454 718 3520 quod
738 3465 800 3516 arte
817 3456 969 3535 formaque
