2286 3944
422 239 628 289 Puaurhrro.
852 241 968 291 XXXIII

90 401 174 458 albae
198 399 333 467 Othonis,
359 396 581 454 narratiunculae
609 399 740 468 quaedam
765 397 900 453 dictorum
921 399 967 455 vol

90 493 205 539 ictorum
220 480 445 538 memorabilium.
490 479 631 536 Postremo
647 481 783 536 adduntur
797 481 832 535 de
847 480 967 539 Traiano

90 575 99 621 ι
118 567 233 622 loviano
254 564 337 636 pauci
354 563 486 619 uersiculi
507 578 543 618 ex
562 559 705 638 Orosio²²)
723 562 866 636 descripti.
912 565 967 621 Go-

91 650 135 705 ice
163 646 333 704 Suetoniano
357 661 423 702 usus
443 651 487 702 est
512 645 605 717 isqui
630 647 684 702 hoo
704 646 871 716 florilegium
891 663 967 705 oom-

91 731 170 787 ilavit
197 728 404 800 antiquissimo,
425 729 471 800 qui
493 730 656 802 plerumque
677 745 737 784 cum
758 728 918 786 blemmIauo
939 736 968 786 et

91 813 221 869 irtntibus
237 818 265 868 et
280 811 356 866 vitiis
378 812 570 884 conspirabat,
590 827 685 867 rerum
705 827 903 882 nonnumquam
924 813 967 868 ιιι-

90 896 181 966 egrior
207 895 256 950 illo
282 894 369 950 luisse
398 895 516 950 videtur.
562 894 611 951 Sic
631 895 705 966 quod
733 893 836 964 legitur
863 895 891 949 in
917 897 969 952 hac

90 979 192 1051 pitome
209 979 316 1048 turpius
330 991 418 1048 pereo
435 994 488 1050 pro
511 979 629 1048 turpiter
642 994 670 1050 p.
684 984 750 1046 195,
765 981 815 1045 38,
832 977 861 1032 id
878 976 968 1034 codici

90 1062 188 1118 ondum
210 1061 343 1116 lacunoso
366 1059 499 1125 debetur;
524 1061 645 1118 fortasse
665 1060 748 1116 etiam
771 1060 901 1116 omissum
916 1076 969 1132 pun

91 1186 99 1202 .
114 1149 163 1214 la,
181 1151 216 1204 18
230 1144 349 1199 nondum
364 1142 541 1214 Interpolato.
556 1173 599 1186 --
613 1143 693 1199 Alter
709 1145 800 1200 codex
817 1143 968 1214 Parisinus,

90 1225 285 1283 dorne-nume
316 1227 383 1286 188⁹
413 1226 563 1298 inscriptus
594 1234 622 1282 et
650 1243 665 1282 a
694 1227 786 1282 multis
816 1227 969 1299 inspectus,

90 1326 146 1367 aec.
170 1309 234 1367 Xlll
257 1309 432 1381 conscriptus
455 1317 498 1365 cst
525 1311 726 1382 multorumque
747 1315 800 1366 tam
826 1315 970 1382 poetarum

90 1410 150 1450 uam
173 1399 314 1449 oratorum
338 1392 493 1448 Latinorum
517 1395 598 1449 modo
620 1393 749 1449 continua
773 1393 863 1465 capita
887 1393 969 1449 modo

90 1483 221 1549 ecerptos
236 1475 370 1531 hoseulos
391 1475 523 1531 continet.
567 1475 610 1531 ho
625 1475 794 1532 Suetoniana
809 1475 969 1549 compilatio

90 1560 156 1616 rullo
178 1558 295 1615 uberior
320 1557 429 1630 quidem
456 1565 500 1615 est
524 1559 687 1632 superlore,
711 1559 762 1615 sed
785 1560 858 1614 haud
881 1574 970 1630 aeque

90 1643 217 1712 legenter
238 1637 328 1710 lacta,
353 1657 413 1696 oum
436 1659 507 1698 nuno
528 1642 608 1715 pleni<
622 1640 710 1698 instar
731 1640 886 1716 apographi
906 1656 971 1698 esse

90 1725 178 1793 ossit,
194 1739 264 1779 nune
279 1724 422 1780 multarum
436 1726 614 1798 paginarum,
635 1730 665 1779 ut
680 1742 707 1797 p.
723 1731 831 1790 3-18;
845 1730 971 1797 38-46;

90 1812 197 1872 Βι-ιιῊ
219 1812 380 1872 118-124;
406 1815 567 1873 les—lom
592 1813 736 1869 lot-173
757 1809 830 1864 nulla
855 1815 902 1865 aut
924 1808 973 1863 vix

90 1890 164 1948 rnuia
188 1890 322 1961 quaedam
347 1890 466 1960 vestigia
489 1892 645 1963 reliquerit.
688 1890 823 1947 Adhibuit
851 1891 973 1962 scriptor

90 1973 196 2030 adicem
214 1973 242 2028 in
257 1971 307 2027 Xll
323 1973 410 2028 libros
424 1975 599 2030 distributum
614 1981 641 2029 et
656 1973 773 2030 bledicei
789 1974 869 2044 primi
885 1973 974 2028 sinril-

93 2071 180 2126 mum,
201 2061 231 2111 ut
251 2057 322 2109 haec
338 2057 465 2127 exempla
483 2059 686 2112 demonstrant:
707 2072 734 2127 p·
748 2063 780 2123 5,
794 2061 837 2114 27.
853 2062 887 2115 28
906 2071 972 2110 ccu-

90 2141 222 2195 ituucrunt
235 2144 264 2194 et
281 2138 424 2207 potiundi:
443 2146 487 2209 30,
504 2148 538 2198 10
551 2139 701 2192 mirabilem
709 2159 718 2198 ‚·
738 2141 783 2207 75,
798 2145 831 2196 35
846 2139 972 2209 cleperen-

90 2227 141 2285 ἀις
159 2228 221 2291 195,
236 2225 271 2280 26
286 2236 380 2274 corum
393 2234 433 2277 se.
476 2223 548 2278 lllud
564 2236 673 2292 qnoque
689 2235 744 2276 non
760 2220 902 2290 indignum
916 2235 973 2276 mc-

90 2304 160 2362 toria
175 2305 264 2373 duco,
286 2304 358 2358 haee
378 2310 494 2377 utraque
516 2310 648 2376 excerpta
672 2318 724 2377 pro
745 2303 857 2374 integro
872 2304 974 2360 Sueto·

90 2382 162 2457 io⁸‘)
176 2387 211 2444 ad
231 2402 327 2442 manus
348 2387 534 2460 scriptoribus
550 2389 657 2444 duobus
678 2386 787 2444 mediae
804 2385 904 2443 aetatis
923 2403 973 2457 φι-

140 2591 187 2655 22)
205 2593 307 2641 Praeter
321 2590 469 2641 Suetonium
484 2598 508 2638 et
524 2588 639 2639 Orosium
658 2602 708 2638 nou
725 2590 799 2640 video
820 2605 865 2640 eur
885 2591 972 2657 plures

90 2659 150 2710 bros
166 2660 189 2708 ls
203 2659 310 2724 scriptor
325 2658 471 2708 adhibuisse
486 2658 596 2718 dicatur,
616 2671 698 2720 neque
717 2658 767 2707 ulla
783 2666 822 2708 est
836 2673 913 2708 caum
929 2673 973 2708 cur

90 2729 188 2776 uetonii
204 2728 347 2793 exemplum
364 2734 461 2776 statuas
476 2727 500 2775 ei
514 2725 547 2775 ad
560 2739 663 2774 manum
688 2724 769 2776 iulssc
783 2727 847 2778 mlrc
864 2726 972 2792 quodam

90 2795 147 2847 rodo
164 2797 358 2858 cocclanatum,
375 2807 425 2858 quo
440 2802 465 2843 et
481 2795 538 2859 ipso
554 2792 658 2843 Orosius
674 2809 738 2842 usus
752 2795 795 2846 sit.
832 2793 972 2855 Quaecum-

90 2878 121 2913 ne
135 2877 150 2912 a
165 2863 310 2927 Tranquillo
323 2863 406 2913 aliena
420 2870 491 2922 sunt,
514 2861 601 2912 Oresio
616 2862 746 2912 debentur.
781 2862 918 2912 blaxlmum
940 2864 974 2914 slt

90 2971 94 2980 .
112 2930 175 2992 183,
190 2933 222 2982 27
240 2930 334 2981 retibus
351 2932 437 2980 aurete
455 2945 519 2994 quae
532 2931 634 2991 funibus
646 2934 784 2992 purpureis
800 2935 840 2982 uel
851 2934 974 2983 eumenen

90 2999 281 3058 retrahebantur,
300 2999 344 3048 ubl
356 2998 478 3048 Orosiana
497 2998 592 3047 retibus
604 3001 689 3047 aureas
701 3013 766 3062 quae
781 3003 918 3061 purpureis
931 3001 974 3062 fu·

90 3068 143 3118 ibus
154 3068 354 3119 cumulabuntur
368 3067 509 3116 necessario
528 3066 703 3116 substituenda
724 3066 840 3127 buerunt,
859 3066 927 3130 quod
947 3068 974 3116 ln

90 3138 227 3187 umculanc
249 3136 364 3202 exemplo
382 3143 498 3200 corrupte
515 3142 584 3184 ueste
602 3141 692 3182 aurato
711 3136 831 3200 scripturn
849 3135 973 3188 exstabat.

90 3205 115 3255 le
138 3206 206 3255 enlm
227 3204 401 3254 Memmianus.
439 3205 501 3252 ltem
521 3217 547 3267 p.
568 3202 616 3262 22,
640 3200 827 3252 dverelculurn
846 3203 976 3267 integrum

90 3281 173 3338 qnorat
188 3288 245 3322 cum
258 3273 418 3322 Memmiana.

141 3341 187 3407 23)
212 3342 328 3394 ceterum
350 3353 402 3389 non
422 3352 488 3404 nego
507 3337 595 3388 Oroslo
619 3352 719 3402 quoquc
737 3345 838 3387 anctore
855 3336 973 3388 Saresbc·

90 3410 182 3460 lensmn
203 3408 317 3460 Suetonii
339 3408 417 3458 acrba
441 3408 532 3456 afferre
549 3413 577 3455 ut
599 3406 630 3466 8,
654 3405 687 3457 18
705 3414 730 3456 et
748 3404 787 3455 19.
823 3405 906 3456 Semel
929 3419 973 3456 ne-

91 3491 122 3527 ne
147 3480 202 3528 sine
223 3478 339 3528 cautlone
363 3489 409 3541 per
430 3489 458 3524 se
486 3475 631 3524 uomlnatlm
657 3474 794 3540 appellavit
819 3474 976 3531 Suetonium,

113 3563 253 3600 haimom
768 3563 782 3595 c
