2256 3930
86 232 146 294 110
171 244 200 292 c.
214 243 363 291 snunoru
376 243 503 302 annuo.
517 243 564 290 nu
575 244 658 290 vma
671 243 854 294 consanum
864 246 934 293 urs.
949 247 1002 295 111.

85 399 236 460 affirmavit
256 397 337 472 lore,
360 402 395 456 ut
413 413 452 455 ec
466 395 611 475 Pompeio
627 396 833 475 Pompeianus
850 399 953 475 fieret,
978 402 1087 464 acerba

85 482 269 543 cavillatione
285 479 368 538 simul
385 478 507 539 bominis
524 497 629 540 nomen
647 482 798 541 incessens
812 490 1005 561 veterumque
1021 503 1086 563 par·

42 583 77 639 50
85 567 153 625 tium
166 565 318 624 fortunam.
346 562 404 622 Sub
420 562 495 622 idem
509 572 636 642 tempus,
654 564 822 624 consulente
837 573 976 642 praetore
992 583 1029 626 au
1047 570 1086 628 iu·

84 650 159 709 dicia
175 649 332 707 maiestatis
353 647 420 722 cogi
435 646 561 723 iuberet,
584 647 762 708 exercendas
776 665 843 707 esse
859 647 943 724 leges
960 667 1086 728 respon-

84 733 174 793 ditet
200 732 380 791 atrocissime
405 732 544 789 exercuit.
574 731 691 791 statuae
713 730 827 809 quidam
847 729 975 807 Augusti
999 744 1103 813 caputt

84 816 243 890 demserat,
268 823 297 873 nt
317 813 435 873 alterius
450 815 625 891 imponeret;
648 823 713 874 acta
723 833 773 874 res
790 815 819 873 in
834 823 934 874 senatu
952 824 997 893 et,
1019 819 1087 896 quia

84 897 297 975 ambigebatur,
320 915 373 975 per
396 905 535 957 tormenta
558 899 687 975 quaesita
703 907 757 958 est.
787 897 927 962 Damnato
945 917 1000 959 reo
1017 918 1085 979 pau·

83 984 160 1043 latim
176 999 268 1058 genus
285 980 442 1040 calumniae
458 997 494 1039 eo
512 983 665 1058 processit,
683 991 712 1041 ut
727 981 801 1042 haec
815 998 930 1060 quoque
948 984 1086 1062 capitalia

84 1074 197 1126 esseut:
225 1066 302 1124 circa
325 1063 448 1140 Augusti
475 1065 656 1124 simulacrum
680 1082 795 1124 servum
820 1064 977 1142 cecidisse,
997 1068 1083 1127 vesti·

82 1157 177 1210 menta
192 1157 333 1222 mutasse,
350 1164 462 1206 nummo
475 1147 522 1206 vel
538 1148 623 1207 anulo
639 1149 766 1225 effigiem
778 1149 949 1226 impressam
961 1149 1083 1211 latrinae
1091 1170 1110 1212 o

84 1243 131 1293 aut
148 1232 278 1309 lupanari
299 1229 448 1305 intulisse,
470 1230 575 1290 dictum
597 1232 683 1291 ullum
697 1233 841 1291 factumve
857 1232 920 1290 eins
938 1233 1082 1293 existima·
1125 1275 1127 1280 -

83 1318 162 1376 tione
185 1315 280 1391 aliqua
301 1313 432 1372 laesisse.
465 1313 543 1373 Perit
564 1314 688 1393 denique
709 1323 738 1374 et
759 1316 801 1391 is,
824 1317 871 1392 qni
892 1313 1038 1376 honorem
1058 1318 1084 1374 in

85 1400 199 1459 colonia
215 1416 265 1457 sua
281 1395 384 1455 codem
399 1396 445 1455 die
461 1397 578 1457 decerni
593 1398 647 1457 sibi
663 1416 765 1477 passus
781 1406 837 1474 est,
853 1414 911 1476 quo
927 1397 1044 1459 decreti
1058 1408 1085 1457 et

83 1483 216 1558 Augusto
233 1480 301 1538 olim
317 1489 408 1538 erant.

42 1571 76 1625 ³9
145 1564 232 1623 lllulta
255 1571 406 1640 praeterea
426 1565 526 1640 specie
545 1566 695 1641 gravitatis
714 1581 873 1624 aemorum
892 1565 1083 1642 corrigendo·

82 1665 159 1722 rum,
185 1646 236 1705 sed
256 1654 284 1704 et
306 1647 398 1722 magis
416 1655 534 1706 naturae
555 1657 776 1726 optemperans,
798 1648 836 1707 ita
853 1665 943 1707 saeve
962 1657 992 1708 et
1009 1658 1083 1709 atro·

84 1733 157 1790 citer
178 1730 333 1803 factitavit,
355 1738 385 1786 ut
405 1731 532 1790 nonnulli
554 1731 707 1791 versiculis
730 1746 845 1808 quoque
868 1739 898 1789 et
915 1733 1085 1808 praesentia

83 1814 293 1892 exprobrarent
309 1821 337 1870 et
352 1812 444 1871 lutura
460 1812 657 1875 denuntiarent
672 1813 761 1872 mala:

165 1968 256 2040 Asper
267 1972 292 2022 et
302 1970 423 2037 immitis,
436 1968 551 2022 breuiter
562 1968 602 2022 ve's
612 1969 702 2022 omnia
714 1965 823 2023 dicam?

209 2053 383 2121 Dispeream,
395 2053 420 2105 si
430 2056 454 2106 te
464 2056 553 2105 mater
563 2065 660 2104 amare
666 2056 765 2121 potest.

165 2186 228 2242 Nou
243 2199 272 2241 es
286 2202 367 2258 eques
374 2211 384 2250 ,·
397 2191 505 2258 quare?
519 2187 581 2242 Non
595 2191 662 2240 sunt
673 2184 719 2240 tibi
731 2185 806 2238 milia
820 2189 943 2238 centum:

210 2269 305 2325 Omnia
317 2273 342 2324 si
352 2286 486 2342 quaeras,
500 2277 526 2326 ct
535 2269 650 2325 atauus
661 2269 772 2324 exitium
784 2272 831 2322 est
847 2266 850 2273 '

164 2401 260 2457 Aurea
272 2409 381 2460 mutasti
391 2405 508 2461 Saturni
517 2404 636 2468 saecula,
651 2402 767 2460 Caesar:

207 2485 343 2543 Incolumi
350 2506 415 2543 aam
426 2496 450 2542 te
458 2489 557 2559 ferrea
568 2501 678 2556 semper
688 2489 778 2539 erunt.

165 2620 282 2677 Fastidit
291 2626 397 2692 uinum,
407 2626 470 2695 quia
481 2626 535 2678 iam
546 2624 602 2677 sitit
610 2624 658 2676 iste
667 2634 811 2675 cruorem:

209 2706 276 2759 Tam
287 2706 348 2761 bibit
357 2706 430 2761 bunc
441 2707 533 2776 auide,
545 2722 626 2777 quam
638 2704 702 2758 bibit
710 2711 773 2758 ante
784 2717 897 2756 mertem.

165 2838 265 2910 Aspice
276 2840 393 2894 Felicem
405 2840 480 2907 (sibi,
497 2856 552 2894 non
568 2839 624 2906 libe)
637 2838 768 2908 Romule,
780 2838 893 2903 Sullam,

205 2923 243 2976 Et
253 2922 389 2991 Marium,
402 2926 428 2978 si
436 2925 487 2986 uis,
501 2925 608 2992 aspice,
620 2922 670 2976 sed
679 2923 814 2983 reducem.

164 3006 222 3061 Nee
233 3024 286 3061 mou
298 3007 399 3062 Antoni
405 3008 493 3060 cicilia
505 3006 573 3059 betta
584 3007 711 3059 mouentis

206 3091 267 3145 Non
278 3092 361 3145 semet
371 3090 488 3160 infectas
498 3090 591 3157 aspice
602 3088 686 3142 caede
697 3103 801 3150 manus,
1087 3096 1105 3137 a

160 3173 197 3228 m
209 3175 266 3257 ‘²5⁶5
280 3173 369 3228 Roma
378 3175 459 3243 perit,
473 3173 597 3242 repuauit
606 3174 739 3242 sanquine
750 3173 845 3238 neuito,
1111 3120 1120 3243 Ξ

204 3258 248 3311 Ad
260 3273 373 3328 repaum
385 3257 505 3327 quisquis
516 3255 630 3308 seuitab
642 3257 730 3310 exilio.
830 3330 832 3335 ,
1110 3252 1116 3283 ¹

82 3419 162 3493 Quae
182 3420 289 3495 primo,
313 3420 392 3496 quasi
415 3418 449 3478 ab
465 3415 677 3493 impatientibus
693 3416 883 3475 remediorum
899 3433 933 3474 ac
949 3431 1008 3473 non
1025 3425 1082 3475 tarn

82 3521 118 3560 ex
139 3503 222 3560 animi
239 3503 377 3560 sententia
392 3520 474 3580 quam
493 3500 551 3559 bile
567 3508 595 3558 et
612 3500 761 3559 stomacho
778 3500 972 3576 fingerentur,
997 3499 1080 3559 vole-
