2286 3944
162 180 220 243 too
265 192 294 240 c.
307 191 456 241 sunnoru
471 192 599 252 roano.
613 193 662 240 nn
675 194 759 242 vrrs
772 193 958 242 canam
970 196 1042 244 nrm
1051 197 1088 248 r.

159 349 268 407 sionem
284 363 403 421 verens,
430 355 460 405 et
476 346 602 425 Appium
618 345 744 407 Caecum
765 365 933 423 censorem,
959 352 1080 425 generis
1103 351 1135 409 sd

158 438 376 510 proauotorem,
389 428 585 490 libertinorum
604 431 679 490 lilios
694 432 723 489 in
733 440 862 491 senatum
875 432 1024 508 adlegisse
1039 433 1135 508 docuit

159 516 290 591 ignarus,
305 512 483 590 temporibus
498 513 576 593 Appi
587 523 616 573 et
627 514 764 592 deinceps
776 499 938 593 aliquandiu
950 515 1135 576 libertinos

159 597 252 658 dictos
276 615 334 656 non
357 600 457 676 ipsos,
479 599 527 676 qui
547 616 629 657 mann
650 599 858 674 emitterentur,
880 598 933 657 sed
952 601 1135 676 ingenuoser

159 681 204 742 his
218 689 399 760 procreatos.
415 679 550 758 Collegio
565 689 748 759 quaestorum
762 690 951 759 prostratura
964 685 1074 742 viarum
1086 684 1135 760 gla-

160 764 309 825 diatorium
324 783 424 824 munus
440 766 558 824 iniunxit
573 764 758 842 deoaotaque
772 763 897 823 Ostiensi
912 773 942 823 et
956 765 1068 825 Gallica
1083 784 1135 844 pro

160 852 273 926 vincia,
297 868 392 909 curam
407 850 499 909 aerari
516 848 628 907 Saturni
643 847 779 927 reddidit,
805 865 888 926 quam
902 848 998 907 medio
1015 859 1135 927 ternpore

163 942 315 1014 praetores
330 942 393 1008 aut,
409 933 448 990 uti
464 949 553 1007 nunc,
569 940 702 1009 praetura
715 931 804 990 iuncti
819 934 1022 990 sustinuerant.
1098 989 1102 993 .

223 1015 415 1095 Triumphalia
428 1024 593 1075 ornamenta
610 1015 722 1091 Silano,
739 1013 815 1074 [iliae
835 1032 904 1074 suae
919 1032 1052 1092 sponso,
1077 1033 1135 1074 non

161 1101 226 1161 dum
249 1099 349 1179 puberi
370 1098 460 1173 dedit,
484 1097 639 1156 maioribus
659 1115 730 1157 vero
752 1106 819 1156 natu
839 1107 896 1157 tam
913 1098 1010 1156 multis
1034 1108 1135 1177 umque

160 1183 264 1260 facile,
282 1192 311 1242 ut
326 1181 447 1259 epistula
463 1183 603 1239 communi
619 1181 765 1257 legionum
778 1184 892 1240 nomine
906 1183 1034 1241 extiterit
1049 1191 1135 1260 peten-

160 1269 243 1344 tium,
258 1275 288 1325 nt
304 1265 407 1341 legatis
423 1263 619 1323 consularibus
634 1264 716 1322 simul
733 1283 796 1323 cum
813 1266 943 1324 exercitu
954 1274 984 1324 et
993 1265 1135 1344 triumpha

160 1352 197 1411 lia
213 1350 359 1423 darentur,
374 1365 410 1406 ne
425 1364 538 1406 oausam
551 1347 621 1406 belli
639 1365 755 1426 quoquo
770 1348 856 1407 modo
872 1359 1055 1426 quaererent.
1071 1348 1135 1407 Aulo

159 1434 270 1494 Plautio
289 1433 373 1490 etiam
387 1432 549 1490 ovationem
567 1430 697 1490 decrevit
714 1434 905 1510 ingressoque
920 1432 1020 1490 urbem
1034 1432 1135 1492 obviam

159 1532 350 1596 progressus,
372 1523 401 1573 et
420 1516 448 1572 in
464 1512 634 1592 Capitolium
650 1517 727 1573 eunti
746 1523 775 1574 et
790 1515 856 1575 inde
876 1535 975 1575 rursus
990 1513 1135 1575 revertenti

158 1601 232 1661 latus
250 1599 330 1657 texit.
365 1597 484 1658 Gabinio
499 1599 649 1674 Secundo,
674 1595 797 1658 Cauchis
811 1609 899 1677 gente
916 1599 1085 1660 Germanica
1100 1616 1135 1656 su-

159 1683 284 1763 peratis,
301 1698 463 1758 cognomen
479 1680 620 1741 Cauchius
635 1700 775 1760 usurpare
791 1686 945 1743 concessit.

117 1785 152 1840 25
219 1765 369 1844 Equestris
386 1765 499 1825 militias
514 1767 553 1825 ita
576 1765 733 1842 ordinavit,
756 1775 786 1825 ut
802 1776 870 1846 post
891 1767 1044 1826 cohortem
1065 1766 1135 1839 alan,

160 1860 229 1932 post
249 1850 322 1909 alam
346 1849 515 1908 tribunatum
536 1849 661 1926 legionis
680 1849 777 1919 daret;
807 1850 1005 1929 stipendiaque
1029 1849 1135 1908 instituit

160 1945 190 1996 et
203 1935 385 2011 imaginariae
399 1932 516 1993 militiae
528 1950 636 2009 genus,
658 1933 736 2010 quod
755 1943 874 1992 vocatur
895 1952 1005 2010 supra
1026 1949 1135 1991 nume·

159 2037 247 2096 rum,
265 2035 322 2097 quo
338 2018 510 2077 absenteset
520 2015 602 2076 titulo
614 2027 696 2075 tenus
710 2016 906 2093 iungerentur.
921 2016 1028 2076 hlilites
1045 2017 1135 2076 domos

160 2104 320 2163 senatorias
330 2100 466 2162 salutandi
479 2118 564 2161 causa
577 2099 689 2177 ingredi
700 2101 782 2158 etiam
793 2109 904 2178 patrum
916 2100 1036 2160 decreto
1049 2099 1135 2178 prohi-

159 2186 230 2246 buit.
250 2185 425 2260 Libertinos,
444 2187 490 2262 qui
502 2203 534 2243 se
545 2200 599 2262 pro
618 2182 759 2262 equitibus
767 2183 803 2244 ll.
820 2193 957 2260 agerent,
978 2183 1135 2262 publicavit.

158 2267 293 2346 ingratos
309 2278 339 2327 et
354 2268 390 2326 de
405 2268 507 2346 quibus
522 2268 634 2345 patroni
645 2276 832 2345 quererentur
845 2269 997 2326 revocavit
1010 2269 1040 2325 in
1055 2267 1135 2326 serni·

157 2361 246 2412 tutem
260 2351 465 2428 advocatisque
480 2369 579 2409 eorum
590 2352 721 2427 negavit,
737 2368 770 2409 se
783 2349 921 2410 adversus
929 2349 1052 2411 libertos
1066 2354 1135 2428 ipso

155 2450 218 2493 rum
233 2435 277 2490 ius
292 2432 440 2491 dicturum.
468 2432 539 2493 Cum
556 2434 668 2510 quidam
683 2451 772 2510 aegra
788 2442 817 2494 et
831 2434 944 2495 adfecta
959 2436 1102 2512 mancipia
1115 2435 1135 2491 iu

156 2513 275 2574 insulam
295 2513 464 2592 Aesculapii
486 2516 583 2574 taedio
604 2516 737 2575 medendi
759 2527 954 2597 exponerent,
980 2515 1135 2596 omnesqui

156 2605 371 2677 exponerentur
389 2597 499 2657 liberos
529 2616 596 2657 esse
619 2601 730 2677 sanxit,
759 2619 816 2661 nec
835 2601 930 2660 redire
951 2604 980 2660 in
1001 2601 1135 2661 dicionem

156 2680 277 2757 domini,
295 2680 319 2740 si
333 2679 561 2750 convaluissent;
595 2682 712 2759 quodsi
734 2687 798 2763 quis
815 2703 922 2745 necare
942 2702 1027 2763 quem
1046 2684 1135 2744 mallet

156 2783 238 2844 quam
253 2780 417 2842 exponere,
434 2763 532 2823 caedis
548 2765 665 2824 crimine
679 2769 780 2827 teneri.
802 2770 937 2829 Viatores
958 2787 995 2828 ne
1016 2787 1071 2847 per
1089 2767 1135 2826 Ita·

155 2849 212 2909 liae
228 2847 334 2927 oppida
356 2847 412 2907 nisi
432 2855 480 2908 aut
495 2846 615 2926 pedibus
636 2858 683 2909 aut
704 2850 777 2911 sella
798 2861 844 2911 aut
859 2853 963 2912 lectica
977 2854 1135 2925 transirent,

154 2933 262 2991 monuit
277 2931 380 2992 edicto.
398 2929 526 2993 Puteolis
539 2939 568 2990 et
582 2931 680 2992 Ostiae
696 2935 824 3012 singulas
841 2935 976 2996 cohortes
993 2935 1028 2996 ad
1043 2953 1135 2995 arcen-

155 3015 207 3076 dos
221 3015 416 3076 incendiorum
431 3033 515 3076 casus
531 3015 697 3075 collocavit.

217 3098 392 3177 Peregrinae
410 3098 579 3160 conditionis
596 3099 727 3159 homines
748 3103 836 3160 vetuit
854 3119 994 3180 usurpare
1013 3103 1135 3161 Romanu

153 3183 266 3241 nomina
279 3183 343 3243 dum
354 3191 431 3244 taxat
439 3182 595 3260 gentilicia.
609 3181 760 3244 Civitatem
767 3184 802 3245 ll.
814 3193 986 3262 usurpantes
998 3185 1027 3242 in
1039 3200 1135 3263 campo

152 3259 302 3340 Esquilino
320 3269 415 3326 securi
436 3267 588 3345 percussit.
616 3265 785 3326 Provincias
804 3266 943 3327 Achaiam
964 3277 992 3326 et
1005 3267 1135 3328 Macedo·

152 3344 242 3418 niam,
271 3364 342 3423 quas
363 3348 495 3408 Tiberius
521 3348 556 3409 ad
584 3367 679 3408 curam
704 3367 782 3409 suam
804 3352 1002 3426 transtulerat,
1030 3351 1135 3413 senatui

151 3423 281 3485 reddidit.
313 3428 408 3504 Lyciis
426 3430 464 3489 ob
481 3430 642 3490 exitiabiles
658 3431 732 3489 inter
746 3449 779 3491 se
797 3430 956 3494 discordias
977 3434 1135 3496 libertatem
