2286 3944
73 172 132 234 176
161 183 191 231 c.
209 181 359 230 sunnorn
374 181 500 240 nnsuo.
516 181 565 226 nn
581 180 665 226 mun
680 177 866 226 cnusnnuu
881 179 953 226 nro.
971 181 1017 227 vr.

71 336 247 411 cohortibus,
269 332 360 393 curuli
383 333 514 392 residens
536 333 612 413 apud
628 341 723 393 rostra
738 332 941 411 triumphantis
963 332 1018 405 hab

69 420 246 495 intersigna
267 417 400 476 militaria
423 425 509 494 utque
530 416 652 486 vexilla;
680 425 710 474 et
733 418 824 494 primo
847 435 902 495 per
930 417 1017 476 devcr

70 499 1018 584 pulpitumsubenntemadmisitadgenuaadlevatumquedextrae

70 586 197 647 sculatus
219 594 279 660 est,
304 583 370 643 dein
392 585 523 661 precanti
541 586 614 644 tiara
635 583 757 643 deducta
780 583 911 643 diadema
933 586 1017 663 inpos

69 669 159 730 verba
183 669 325 749 supplicis
346 669 534 745 interpretata
556 668 704 745 praetorio
727 667 790 726 viro
812 668 984 727 multitudini
1005 687 1017 747 p

69 755 230 822 nuntiante;
254 751 423 831 perductum
437 750 503 809 inde
517 752 545 808 in
560 751 701 810 theatrum
724 768 759 810 ac
781 769 881 810 rursus
905 752 1017 830 supplic

71 848 129 898 tenr
144 840 223 896 iuxta
239 854 271 895 se
287 836 379 896 latere
400 834 501 894 dextro
524 833 699 893 conlocavit.
745 833 788 893 Ob
813 852 887 912 quae
914 836 1017 913 impera

29 938 64 990 14
74 921 279 996 consalutatus,
296 919 394 978 laurea
409 919 438 976 in
455 915 626 996 Capitolium
641 917 709 995 lata,
725 916 822 976 lanum
836 919 983 994 geminum
995 919 1017 978 cl

72 1009 119 1083 sit,
135 1014 192 1064 tarn
208 1004 286 1063 nullo
303 1020 386 1080 quam
402 1001 519 1060 residuo
533 999 622 1060 bello.

136 1087 308 1149 consulatus
322 1093 455 1164 quattuor
469 1086 580 1160 gessit:
597 1085 717 1163 primum
740 1083 942 1161 bimenstrem,
968 1103 1017 1144 sec

73 1174 138 1233 dum
155 1181 184 1230 et
198 1170 382 1230 novissimum
396 1176 584 1243 semenstres,
599 1168 712 1226 tertium
724 1167 996 1244 quadrimenstrem;
1012 1187 1017 1226 1

73 1257 137 1317 dios
158 1255 229 1314 duos
251 1253 441 1327 continuavit,
467 1251 597 1329 reliquos
616 1252 690 1310 inter
711 1269 802 1310 annua
824 1253 917 1328 spatia
939 1253 1017 1311 varia

30 1340 106 1405 151n
121 1339 191 1398 iuris
208 1337 332 1396 dictione
348 1334 588 1413 postulatoribus,
604 1335 658 1393 nisi
672 1334 804 1411 sequenti
819 1334 866 1393 die
876 1352 910 1394 ac
921 1353 976 1413 per
988 1335 1017 1394 lil

72 1424 129 1497 los,
144 1438 201 1479 non
219 1429 329 1478 temere
343 1417 502 1496 respondit.
540 1417 746 1495 cognoscendi
760 1435 870 1476 morem
886 1437 952 1478 eum
970 1428 1017 1477 ten

71 1514 102 1564 ut
118 1503 260 1563 continuis
277 1501 439 1562 actionibus
455 1503 569 1561 omissis
585 1501 750 1578 singillatim
766 1519 898 1579 quaeque
914 1521 969 1581 per
989 1504 1017 1561 vi

72 1595 184 1665 ageret.
230 1587 371 1662 Quotiens
389 1595 483 1646 autem
499 1587 535 1646 ad
550 1585 765 1645 consultandum
781 1585 951 1663 secederet,
975 1605 1017 1644 ne<

71 1675 265 1732 incommune
282 1671 546 1748 quicquamneque
570 1669 721 1747 propalam
743 1668 940 1745 deliberabat,
969 1670 1017 1728 sed

73 1755 255 1833 conscriptas
284 1754 319 1813 ab
350 1771 406 1812 uno
436 1771 554 1832 quoque
581 1754 738 1812 sententias
764 1752 867 1812 tacitus
894 1771 929 1813 ac
954 1771 1017 1812 secr

71 1839 186 1916 legens,
208 1837 286 1917 quod
300 1837 356 1916 ipsi
371 1837 502 1896 libuisset
518 1836 639 1915 perinde
656 1845 741 1913 atque
757 1835 887 1914 pluribus
902 1836 978 1896 idem
991 1840 1017 1895 vi

72 1932 153 1983 retur
169 1921 381 2001 pronuntiabat.

136 2006 168 2066 ln
184 2008 291 2065 curiam
303 2004 501 2064 libertinorum
519 2003 596 2062 lilios
612 2003 658 2062 diu
673 2020 730 2062 non
754 2003 877 2072 admisit;
902 2003 1017 2062 admissi

74 2090 220 2171 prioribus
249 2087 427 2169 principibus
447 2087 575 2146 bonores
601 2087 764 2163 denegavit.
809 2085 999 2163 candidatos,

74 2193 162 2253 supra
176 2191 323 2233 numerum
338 2179 445 2247 essent,
461 2172 490 2229 in
506 2171 638 2230 solatium
653 2169 798 2230 dilationis
814 2187 848 2230 ac
863 2187 962 2229 morae
978 2170 1017 2247 leq

73 2258 158 2318 nibus
174 2257 352 2336 praeposuit.
397 2253 582 2314 Consulatum
604 2257 633 2312 in
656 2271 743 2313 senos
765 2253 935 2332 plerumque
954 2272 1017 2312 men

75 2341 161 2402 dedit.
191 2340 394 2418 Defunctoque
411 2339 488 2397 circa
504 2337 550 2396 Kl.
564 2337 624 2398 lan.
643 2336 736 2397 altero
753 2356 769 2396 c
789 2337 965 2413 consulibus,
982 2356 1017 2397 ne

73 2442 139 2482 nem
154 2422 307 2498 substituit,
323 2421 489 2501 improbans
505 2421 670 2500 exemplum
687 2429 770 2480 vetus
787 2420 886 2480 Canini
900 2421 998 2480 Rebili
1014 2441 1017 2474 i

74 2506 120 2565 die
134 2505 272 2564 consulis.
303 2505 495 2583 Triumphalia
508 2513 675 2564 ornamenta
687 2507 772 2564 etiam
785 2506 967 2584 quaestoriae
981 2505 1017 2582 diq

74 2589 140 2650 tatis
156 2597 185 2648 et
201 2587 348 2648 nonnullis
372 2607 410 2646 ex
426 2591 555 2664 equestri
575 2587 676 2648 ordine
699 2587 812 2665 tribuit,
832 2606 888 2648 nec
910 2591 1012 2667 utique

75 2690 161 2733 causa
184 2671 306 2730 militari.
348 2671 393 2730 De
417 2671 584 2748 quibusdam
604 2672 692 2731 rebus
712 2673 859 2732 orationes
880 2671 916 2731 ad
941 2681 1017 2732 senat

73 2758 193 2833 missas,
209 2756 368 2835 praeterito
387 2756 549 2833 quaestoris
566 2756 682 2832 officio,
701 2774 754 2834 per
769 2756 917 2815 consulem
944 2757 1017 2834 pleri

34 2858 66 2912 16
76 2858 131 2919 que
146 2838 296 2899 recitabat.
340 2838 473 2899 Formam
490 2839 685 2900 aedificiorum
702 2839 780 2898 urbis
798 2855 901 2899 novam
919 2858 1017 2917 excog

74 2925 123 3000 vit,
140 2931 169 2982 et
182 2932 212 2982 ut
229 2931 294 2983 ante
308 2923 416 2983 insulas
430 2941 464 2984 ac
485 2923 585 2983 domos
607 2925 736 3003 porticus
756 2931 869 3000 essent,
893 2923 928 2982 de
952 2942 1017 3002 quar

74 3007 188 3067 solariis
217 3007 349 3067 incendia
383 3015 564 3076 arcerentur;
592 3025 700 3086 easque
722 3016 835 3086 sumptu
857 3024 910 3066 suo
934 3016 1017 3066 extru

73 3088 237 3151 Destinarat
255 3093 339 3151 etiam
360 3088 439 3150 Ostia
462 3099 545 3149 tenus
565 3093 678 3151 moenia
698 3108 871 3170 promovere
895 3099 982 3169 atque
1004 3093 1017 3149 ii

73 3173 154 3233 fossa
170 3193 248 3234 mare
264 3176 356 3234 veteri
372 3173 436 3233 urbi
451 3173 597 3234 inducere.

136 3256 225 3317 blulta
245 3258 297 3317 sub
320 3275 356 3317 eo
375 3266 405 3316 et
425 3257 623 3319 animadversa
644 3276 748 3318 severe
778 3266 807 3317 et
838 3259 985 3336 coercita,
1015 3279 1017 3318 1

72 3340 164 3398 rninus
180 3342 298 3399 instit¹¹*‘
339 3341 482 3401 adhibitus
498 3342 656 3420 sumptibus
670 3341 787 3410 modus;
810 3341 943 3419 publicae
960 3362 1017 3403 cae

73 3419 109 3479 ad
126 3423 264 3481 sportula·
304 3423 420 3478 -adnntse
462 3425 640 3482 *sensatorum
657 3443 694 3484 ne
716 3424 783 3502 quid
803 3427 831 3484 in
852 3427 968 3504 popinis
993 3447 1017 3486 ca
