2286 3944
27 162 89 224 316
307 169 338 216 c.
359 139 524 216 suesouu
544 165 763 225 calnomum

27 337 113 388 tunae
130 323 248 384 alterius
264 331 372 383 tautum
394 323 551 382 affectum*
576 330 607 381 ut
627 320 678 383 tte
701 323 797 383 liceat
823 339 936 383 curum
952 323 1013 380 arist

27 410 99 470 rori
111 407 242 468 insontis
259 407 353 466 amici
366 415 396 466 et
407 403 553 466 Extincto
566 403 758 467 meratus*
777 407 939 486 aprorum·
954 408 1013 464 mist

29 493 87 552 reri
102 500 196 550 autem
212 508 286 568 opus
304 491 393 568 ipsius
409 489 531 549 hominis
548 499 602 567 est,
618 499 647 550 ut
667 489 779 568 Turne,
795 491 830 550 in
844 498 873 550 te
889 508 1013 569 supremi

29 576 127 650 satas,
143 574 292 634 miserere
309 575 443 634 tuorum!

57 705 63 716 .
92 659 200 719 Netum
227 660 358 717 timorem
380 667 409 716 et
431 657 588 736 pavorem]
616 667 708 718 metus
734 658 844 717 frustra
877 659 1013 737 prospicit

30 747 116 804 timor
133 740 226 801 subita
247 743 350 800 mentis
371 742 581 808 consternatio;
603 760 695 820 pavor
717 743 804 801 animi
826 750 941 818 motus,
964 740 1012 801 und

33 830 119 888 etiam
135 824 238 904 pavida
254 827 377 885 iumenta
392 823 533 884 dicuntur.

96 910 258 970 Nonstrare
285 919 315 968 et
331 908 541 986 demonstrare]
566 917 756 967 monstramus
784 909 895 985 semel,
920 908 1012 969 demon

32 1004 156 1054 etramus
171 994 299 1070 saepius.

98 1077 257 1136 Natronam
287 1084 316 1134 et
342 1084 461 1135 matrem
488 1074 624 1153 familias]
648 1084 777 1135 matrona
797 1076 878 1136 filios
902 1075 1012 1154 ampliat

33 1170 124 1219 mater
139 1159 262 1218 familias
278 1176 352 1236 quae
368 1161 443 1236 patri
459 1159 584 1218 familiae
598 1161 704 1236 nupsit.

96 1242 211 1303 lloeuia
238 1251 268 1301 et
296 1241 440 1320 aedilicia}
462 1244 576 1302 moenia
598 1241 779 1319 publicorum
807 1253 875 1301 sunt
903 1261 1011 1320 operuu

34 1327 166 1386 aedilicia
179 1325 363 1402 privatorum.

94 1409 187 1468 lieret
202 1417 231 1467 et
251 1409 390 1486 meretur}
409 1426 510 1468 mereo
528 1418 621 1469 meret
635 1409 699 1487 quis
719 1409 887 1468 mercedem
901 1410 949 1468 rel
965 1427 1011 1486 pot

33 1510 110 1558 uam;
137 1508 254 1551 mereor
275 1502 403 1552 merctur
425 1501 519 1552 autem
538 1494 585 1570 qui
608 1511 646 1552 ex
669 1492 788 1552 alterius
804 1492 912 1553 iudicio
935 1511 1011 1571 parer

33 1574 184 1634 beneficiis
198 1577 320 1652 gratiam
336 1585 483 1654 expectat

92 1657 188 1735 Mergi
211 1667 241 1717 et
262 1677 382 1737 mergae
406 1660 463 1719 hoc
485 1659 630 1738 differunt]
653 1662 745 1737 mergi
766 1669 832 1720 sunt
856 1679 929 1722 ares
952 1679 1009 1720 mar

32 1761 88 1802 nae
104 1759 177 1821 quae
200 1761 234 1801 se
248 1743 277 1803 in
285 1761 400 1842 aquam
416 1752 564 1820 mergunt;
587 1761 704 1821 mergae
727 1753 790 1803 suut
807 1745 902 1804 fustes
920 1743 1010 1804 deduc

34 1825 137 1905 quibus
152 1827 292 1886 metitur
283 1846 312 1886 m
328 1828 409 1905 aquis
425 1827 558 1906 profundi
575 1829 727 1906 quantitas.

96 1909 210 1971 Nullum
233 1920 261 1971 et
283 1911 437 1989 neminem]
457 1911 552 1971 nullus
579 1911 614 1971 ad
635 1913 769 1970 uniuersa
793 1920 894 1990 potest
915 1912 1007 1971 referr

34 2012 119 2055 nemo
134 1994 170 2055 aul
184 1995 340 2072 hominem,
357 1995 436 2055 velut
449 2014 486 2054 ne
499 1995 585 2055 honio
601 1995 723 2074 quidem.

97 2078 192 2139 Noctu
213 2089 242 2140 et
262 2080 362 2158 nocte]
380 2088 467 2140 noctu
487 2080 530 2139 sic
548 2078 667 2139 dicimus
683 2078 828 2158 quomodo
841 2080 987 2156 interdiu,
1005 2101 1010 2134 ι

36 2164 180 2241 significat
195 2164 318 2242 aliquam
334 2173 443 2242 partem
458 2164 560 2239 noctis,
577 2163 650 2230 ‹liei;
667 2172 753 2222 nocte
768 2172 862 2222 autem
879 2173 1009 2223 totamm

36 2257 111 2307 utem
126 2247 331 2326 intellegimus.

98 2330 221 2390 Nescire
243 2340 272 2390 et
292 2333 441 2410 ignorare]
461 2334 509 2410 qui
528 2333 640 2407 nescit,
663 2332 784 2391 omnium
808 2331 911 2390 notitia
935 2338 1009 2390 caret

35 2414 83 2491 qui
98 2415 228 2490 ignorat,
247 2415 353 2492 aliquid
368 2418 469 2474 nescit.

96 2495 199 2555 Natum
229 2504 259 2555 et
284 2499 414 2576 gnatum]
435 2508 517 2558 natus
537 2497 758 2577 participialiter
778 2496 883 2557 dicitur
907 2516 924 2558 a
941 2497 1009 2557 uerh

35 2578 111 2658 quod
128 2588 173 2638 est
189 2580 286 2647 nasci;
305 2589 408 2656 gnatus
424 2600 440 2641 a
455 2584 645 2659 generatione
661 2581 735 2642 lilius
749 2580 862 2641 dicitur.

97 2661 243 2722 Nefarium
269 2671 298 2722 et
327 2663 493 2744 nefandum]
519 2666 647 2726 nefarius
669 2668 698 2725 iu
721 2663 819 2724 verbis
840 2664 1004 2741 intellegitu

34 2747 195 2807 nefandus
187 2763 329 2825 mopere

92 2828 187 2888 Nutrit
203 2839 232 2888 et
247 2831 382 2910 nutricat}
399 2833 487 2891 nutrit
501 2797 613 2907 mulier,
629 2833 751 2892 nutricat
765 2832 925 2892 masculus.

93 2912 273 2992 Nequiquam
289 2923 318 2974 et
333 2917 526 2995 nequaquam]
536 2919 704 2996 nequiquam
719 2915 824 2975 frustra
827 2935 1008 2996 ‚tnequaqua

34 2995 113 3055 nullo
129 2997 214 3057 modo
231 2999 383 3076 siguificat.

97 3077 198 3141 Oleum
213 3091 243 3142 et
258 3083 362 3142 olivam
379 3092 408 3142 et
423 3083 540 3163 olivum]
558 3083 624 3143 olea
640 3083 751 3142 fructus
766 3092 819 3159 est,
837 3084 917 3144 oliva
932 3085 1002 3144 arbo

33 3161 182 3226 multitudo
207 3185 278 3226 vero
300 3166 401 3226 dicitur
423 3167 576 3245 olivetum,
598 3176 629 3226 ut
650 3176 839 3265 querqqetum
864 3179 1007 3246 prunetun

33 3245 108 3306 unde
124 3248 229 3308 olivum
245 3250 386 3328 liquorem
402 3250 558 3329 appellant.
602 3252 711 3310 Verum
736 3253 797 3310 siue
813 3251 980 3312 discrimine
1000 3271 1007 3310 t

34 3324 152 3390 oleam
146 3341 175 3391 et
190 3333 229 3392 ol'
221 3352 294 3376 ·····
315 3353 367 3412 pro
383 3335 477 3442 fructu
493 3351 581 3411 saepe
596 3335 675 3393 multi
694 3344 863 3432 posueruut,
879 3354 936 3395 nec
951 3335 1007 3395 refu

33 3414 147 3494 gitquo
150 3417 222 3471 ιηῐιιι
322 3436 377 3465 ιιιιι
427 3435 511 3470 ιι
495 3425 558 3462 ιιι·
542 3433 617 3462 ιιι
634 3435 699 3464 ιιιιιιι
703 3417 900 3478 inedixerlnt.
