2256 3930
60 217 100 277 70
145 229 175 276 c.
192 229 342 277 sacroru
359 230 486 290 annuo.
504 231 552 276 un
567 230 649 278 vrrs
665 230 850 279 assessuri
865 231 938 280 nse.
956 233 993 280 11.
1109 212 1115 275 i

230 387 376 458 Postquam
393 388 432 442 bra
447 391 535 443 classe
549 392 635 446 ustus
648 404 732 446 uara
739 389 877 462 perdidit,

230 471 383 542 Aliquando
399 478 429 527 ut
441 475 545 542 amant,
562 474 628 528 ludit
641 475 750 529 assidu
766 475 865 529 aleam.

17 549 104 615 uba
126 549 228 628 quibus
253 551 316 609 sive
340 550 503 610 criminibus
521 553 584 611 sive
601 552 762 613 maledictis
777 552 922 614 infamiam
940 553 1062 632 impudi-

60 634 144 692 citiae
165 634 301 693 facillime
321 634 456 694 refutavit
478 644 506 694 et
528 637 690 715 praesentis
711 645 741 696 et
760 645 898 716 posterae
918 638 998 696 vitae
1017 655 1060 697 ca·

58 718 168 787 stitate;
191 719 259 777 item
280 718 449 778 lautitiarum
470 719 617 797 invidiam,
643 738 706 779 cum
725 729 755 780 et
773 719 956 781 Alexandria
978 730 1083 800 captas
1112 749 1119 785 r

57 801 126 860 nihil
147 801 201 860 sibi
218 811 335 881 praeter
351 821 434 862 unum
449 806 601 862 murrinum
617 804 737 864 calicem
752 823 790 864 ex
803 807 997 864 instrumento
1013 823 1057 863 re·
1099 802 1101 807 ⁴

57 887 107 962 gio
124 887 279 963 retinuerit,
297 896 326 945 et
340 904 407 946 mox
421 905 490 946 vasa
506 905 592 948 aurea
608 888 792 947 assiduissimi
805 907 873 948 usus
888 889 1060 948 conflaverit

57 972 160 1028 omnia.
195 969 280 1030 Circa
300 970 432 1030 libidines
450 970 557 1041 baesit;
579 980 683 1050 postea
699 990 830 1050 quoque,
846 972 1007 1048 mierum,
1026 971 1060 1031 ad

57 1053 197 1114 uitiandas
224 1055 353 1131 virgines
381 1056 557 1133 promptior,
585 1073 658 1133 quae
685 1055 738 1115 sibi
764 1056 887 1135 undique
915 1058 1003 1117 etiam
1025 1055 1059 1115 ab

56 1154 148 1197 uxore
175 1140 423 1216 conquirerentur.
453 1138 546 1198 Aleae
565 1156 710 1198 rumorem
731 1138 912 1199 nullomodo
929 1142 1079 1219 experitis
1102 1170 1119 1210 a

56 1222 180 1300 lusitque
197 1221 366 1301 simpliciter
380 1231 408 1281 et
425 1222 518 1301 palam
531 1222 735 1283 oblectamenti
751 1241 838 1284 causa
853 1223 940 1284 etiam
956 1241 1058 1298 senex,

56 1324 99 1382 ac,
117 1315 318 1385 praeterquam
331 1305 487 1365 Decembri
500 1323 617 1384 mense,
640 1307 704 1367 aliis
719 1324 833 1386 quoque
845 1307 930 1367 iestis
947 1317 977 1367 et
992 1324 1056 1386 pro'

55 1390 139 1448 lestis
161 1389 271 1450 diebus.
301 1389 366 1448 Nec
384 1391 412 1450 id
433 1389 546 1449 dubium
571 1399 624 1450 est.
655 1391 844 1470 Autograpba
860 1391 983 1469 quadam
1000 1391 1058 1470 epi·

56 1474 129 1532 stula
152 1472 306 1548 Caenaoi,
335 1477 388 1549 ait,
417 1474 459 1532 mi
483 1471 594 1550 Tiberi,
620 1493 687 1535 arm
707 1475 828 1545 isdem,·
858 1480 1060 1536 accesserunt

56 1556 206 1616 concisae
225 1555 360 1616 Vinicius
380 1565 410 1617 et
423 1556 520 1617 Silius
534 1564 637 1636 pater.
671 1556 757 1619 Inter
777 1576 906 1620 caenam
929 1559 1058 1620 lusimus
1067 1573 1084 1614 n
1107 1589 1121 1628 q

53 1641 229 1720 qeronticas
244 1646 273 1700 et
286 1640 353 1700 lteri
367 1648 396 1701 et
410 1641 522 1712 bodie‚·
546 1642 619 1702 talis
635 1644 713 1702 enim
727 1642 864 1719 iactatis,
880 1650 915 1704 ut
930 1643 1059 1722 quisque

55 1741 162 1785 canem
183 1732 238 1784 ant
259 1725 412 1785 senionem
432 1727 577 1801 miserat,
600 1726 633 1785 in
653 1727 792 1806 sinqulos
813 1727 895 1788 talos
916 1727 1058 1806 sinqulos

55 1809 203 1870 denarios
223 1809 255 1869 in
275 1809 405 1869 medium
428 1808 625 1887 conferebat,
647 1828 725 1888 qnos
740 1810 867 1871 tollebat
880 1811 1055 1884 universos,

54 1894 106 1972 qui
124 1891 266 1953 Venerem
286 1894 411 1954 iecerat.
441 1893 479 1952 Et
500 1912 600 1952 rursus
618 1892 681 1953 aliis
697 1894 816 1954 litteris:
839 1893 922 1971 Nos,
945 1894 990 1954 mi
1008 1892 1055 1954 Ti-

53 1975 137 2055 beri,
163 1975 374 2056 Quinquatrus
401 1977 480 2037 satis
507 1977 640 2037 iucunde
661 1978 798 2057 aqimus,·
825 1978 954 2039 lusimus
977 1977 1123 2044 animun

49 2080 108 2141 per
129 2063 226 2122 omnis
248 2062 315 2122 dies
331 2062 495 2141 forumque
517 2061 704 2122 aleatorium
719 2061 908 2142 calfecimus.
942 2060 1057 2122 Frater

53 2153 122 2206 tuus
141 2147 262 2226 maqnis
283 2145 471 2207 clamoribus
490 2164 555 2204 rem
572 2146 689 2224 qessit,·
716 2146 760 2206 ad
780 2163 929 2206 summam
955 2152 1057 2205 tamen

49 2231 189 2307 perdidit
207 2249 269 2291 non
289 2232 428 2306 multum,
452 2229 509 2288 sed
530 2247 569 2289 aa
587 2230 708 2307 maqnis
725 2229 914 2290 detrimentis
924 2235 1056 2307 praeter

51 2331 136 2391 spem
159 2314 313 2391 punctatim
337 2320 493 2374 retractus
515 2319 569 2373 est,
608 2311 676 2391 qu
696 2313 823 2391 perdidi
841 2312 950 2393 oiqinti
968 2313 1057 2373 milia

51 2415 203 2457 nummum
227 2417 293 2459 meo
318 2399 454 2472 nomine,
483 2397 540 2456 sed
564 2415 631 2457 cum
656 2395 751 2477 effuse
768 2399 802 2458 in
821 2397 891 2458 lusa
912 2395 1056 2457 liberalis
1065 2413 1087 2452 n
1113 2424 1123 2461 2

50 2479 194 2558 fuissem,
218 2488 253 2540 ut
273 2482 357 2541 soleo
370 2482 557 2558 plerumque.
589 2479 669 2541 Nam
685 2481 714 2540 si
729 2499 809 2561 quas
823 2498 934 2543 manus
949 2482 1057 2541 remisi

52 2564 159 2641 cuique
184 2565 367 2642 eaeqisscm,
396 2572 450 2624 ant
474 2564 666 2624 retinuissem
692 2566 776 2644 quod
796 2565 904 2646 ornique
925 2564 1054 2640 donavi,

50 2647 191 2707 uicissem
211 2648 259 2707 cel
274 2648 495 2726 quinquaqinta
509 2647 604 2708 milia.
634 2648 700 2708 Sed
713 2649 772 2711 boc
786 2649 869 2710 malo
877 2673 892 2720 ;
915 2647 1054 2727 deaqui-

51 2737 101 2792 tas
122 2732 199 2791 enim
215 2749 283 2791 mea
300 2750 346 2790 me
363 2732 405 2790 ad
421 2732 581 2791 caelestem
595 2733 729 2811 qloriam
744 2730 857 2813 efferet.
894 2731 1003 2792 Scribit
1020 2732 1056 2792 ad

52 2817 153 2878 filiam:
170 2815 243 2877 Misi
257 2815 311 2876 tibi
327 2816 474 2876 denarios
489 2815 635 2876 ducentos
651 2817 882 2896 quinquaqinta,
900 2833 979 2895 quos
992 2815 1054 2876 sin·
1065 2831 1088 2873 so
1120 2843 1123 2882 ι

48 2903 132 2982 qulis
152 2901 288 2963 conoiois
310 2900 473 2975 dederam,
495 2900 523 2958 si
542 2900 653 2960 uellent
671 2901 751 2961 inter
772 2919 806 2960 se
826 2900 906 2961 inter
924 2915 1056 2960 caenaon

49 2989 99 3049 cel
115 2987 187 3048 talis
201 2986 249 3046 cel
259 3004 323 3064 par
337 2985 440 3062 impar
455 2984 570 3044 ludere.

16 3074 42 3132 '2
114 3072 145 3131 In
168 3071 272 3131 ceteris
298 3069 425 3148 partibus
445 3069 520 3127 vitae
539 3067 813 3126 continentissimum
830 3067 922 3126 fuisse
941 3075 1056 3127 constat

51 3175 85 3217 ac
108 3157 169 3215 sine
186 3156 353 3234 suspicione
368 3154 454 3211 ullius
470 3153 539 3210 vitii.
583 3151 728 3210 Habitavit
745 3154 837 3231 primo
856 3152 933 3211 iuxta
948 3152 1055 3211 Roma-

49 3259 116 3300 num
131 3241 234 3315 forum,
252 3257 337 3317 supra
353 3237 454 3296 Scalas
472 3235 630 3310 anularius,
649 3237 676 3293 in
696 3236 779 3295 domo
796 3253 870 3314 quae
889 3232 972 3295 Calvi
990 3252 1052 3294 ora·
1065 3250 1087 3291 n
1117 3261 1122 3300 ³

49 3325 122 3383 toris
138 3325 245 3392 iuerat;
270 3332 371 3401 postea
388 3324 415 3379 in
431 3320 556 3393 Palatio,
581 3319 632 3377 sed
648 3320 736 3379 nihilo
752 3321 843 3379 minus
859 3318 979 3378 aedibus
994 3336 1054 3378 mo·
1110 3378 1114 3407 Ι

50 3406 123 3467 dicis
137 3407 351 3482 Hortensianis,
376 3416 405 3465 et
423 3423 517 3482 neque
534 3403 650 3462 laxitate
668 3423 761 3482 neque
779 3403 856 3462 cultu
875 3404 1054 3482 conspicuis,
1106 3418 1112 3495 ,ἐ

49 3499 80 3549 ut
101 3491 128 3547 in
149 3489 250 3567 quibus
275 3492 405 3569 porticus
420 3488 527 3547 breves
542 3497 640 3546 essent
655 3486 831 3547 Albanarum
848 3486 1055 3558 columnarum,
