2286 3944
347 209 395 258 nu
419 210 669 261 eauuuumcrs.
938 204 999 266 259

10 362 194 441 naticumque
207 363 394 423 notissimum.
411 365 537 444 Suntqui
548 365 999 430 litteratumalitteratoredistin-

10 453 108 523 ruant,
131 455 161 506 ut
178 444 282 508 Graeci
297 450 512 524 grammaticum
531 452 772 527 agrammatista,
794 461 823 512 et
844 452 923 513 iilum
938 457 998 532 qui·

10 529 67 590 lem
82 528 229 608 absolute,
248 530 323 590 hunc
337 531 522 592 mediocriter
539 534 653 593 doctum
668 537 840 598 existiment.
872 537 999 612 Quorum

10 614 167 694 ›pinionam
183 613 309 674 Orbilius
329 618 414 676 etiam
430 616 573 695 exemplis
590 619 753 688 confirmem
775 637 896 698 namque
915 620 1001 698 opud

10 697 139 759 naiores
158 699 213 774 ait,
238 715 306 758 cum
323 697 449 776 familie
469 700 601 761 alicuius
622 702 743 760 cereolis
759 701 998 781 produceretur,
1027 701 1029 705 ’

10 799 64 844 tort
78 786 190 842 temere
203 799 290 861 quem
304 782 471 843 litteratum
485 783 518 843 irs
544 783 647 860 titulo,
663 784 720 844 sed
734 785 933 846 litteratorem
950 786 996 846 iu-

10 863 100 927 usti
111 864 233 925 solitum
248 883 331 941 erce,
354 867 447 945 qiuari
458 885 520 929 uon
533 867 705 945 perfectum
722 868 848 944 litteris,
868 870 925 928 red
942 870 995 929 im·

10 955 115 1010 mlum.

64 1033 190 1093 Veteres
200 1035 378 1109 grammatici
395 1044 423 1094 et
436 1033 610 1095 rhetoricam
622 1034 782 1111 docebant,
800 1054 834 1095 ac
845 1036 997 1097 multorum

10 1115 34 1178 le
51 1124 174 1195 utraque
189 1125 251 1176 arte
266 1119 461 1179 commentarii
475 1119 613 1178 feruutur.
650 1118 811 1178 Secundum
829 1137 911 1198 quam
929 1138 997 1180 cou-

10 1199 179 1262 uetudiuem
195 1203 376 1278 posteriores
397 1219 512 1282 quoque
528 1205 676 1280 existimo,
699 1219 859 1280 quanquam
870 1205 925 1263 iam
940 1204 995 1263 dis·

10 1285 90 1346 retis
102 1284 347 1364 professionibus,
366 1286 455 1346 nihilo
470 1286 562 1345 minus
578 1287 625 1346 vel
638 1287 790 1346 retinuisse
802 1287 849 1346 vel
860 1289 995 1347 instituis·

10 1386 29 1430 e
44 1376 77 1428 et
88 1369 170 1446 ipsos
183 1368 321 1447 quaedam
333 1388 443 1447 genera
456 1369 995 1449 institutionumadeloquentiamprae-

10 1451 171 1528 rarandam,
192 1461 222 1511 ut
240 1453 436 1531 problemata,
459 1454 660 1533 paraphrasis,
683 1453 891 1532 allocutiones,
915 1454 995 1515 etho·

10 1537 97 1615 ogias
113 1545 197 1614 atque
218 1536 273 1596 alia
288 1537 344 1597 hoc
361 1556 468 1615 geuus;
489 1556 526 1598 nc
548 1538 661 1597 scilicet
683 1539 753 1597 sicci
772 1539 886 1598 omnino
910 1547 995 1618 atque

10 1619 71 1683 ridi
93 1619 176 1699 pueri
195 1619 358 1681 rhetoribus
376 1621 566 1682 traderentur.
600 1623 682 1696 Quae
704 1621 818 1700 quidem
834 1623 924 1681 omitti
940 1625 996 1682 iam

10 1703 98 1780 ideo,
109 1702 217 1763 desidia
230 1705 407 1783 quorundam
419 1715 447 1765 et
460 1706 591 1773 infantia;
603 1723 661 1763 non
673 1707 747 1763 enirn
760 1705 875 1764 fastidio
887 1714 993 1783 putem.

10 1787 44 1851 {e
58 1787 173 1866 quidem
185 1787 418 1865 adolescentulo,
434 1798 538 1867 repeto
552 1789 692 1867 quendam
703 1788 867 1866 Principem
878 1790 993 1847 nomine

10 1872 119 1935 iternis
134 1870 233 1931 diebm
249 1871 429 1949 declamare,
446 1873 564 1932 alternis
580 1873 743 1951 disputare,
761 1871 905 1930 nonnullis
919 1889 990 1931 vero

10 1973 83 2017 rane
107 1954 269 2033 disserere,
301 1965 369 2035 post
391 1956 539 2016 meridiem
560 1965 672 2016 remoto
693 1955 805 2033 pulpito
830 1954 994 2014 declamare

10 2039 123 2103 clitum.
145 2038 304 2100 Audiebam
321 2042 422 2115 etiam,
439 2042 574 2099 memoria
588 2049 698 2119 patrum
714 2037 853 2116 quosdam
869 2055 886 2096 e
900 2054 994 2114 gram-

10 2126 94 2187 tatici
107 2125 201 2184 statim
216 2123 283 2184 ludo
299 2126 437 2184 transisse
452 2127 481 2184 iu
497 2125 588 2183 iorum
608 2132 692 2201 atque
707 2123 736 2180 in
750 2139 897 2180 numerum
911 2137 994 2200 prae·

10 2208 235 2273 lautissimorum
250 2217 434 2288 patronorum
451 2216 598 2286 receptos.

62 2289 144 2352 (ilari
163 2291 349 2370 professores
371 2301 399 2351 et
414 2291 566 2370 dequibus
583 2289 665 2369 prodi
688 2289 781 2368 possit
800 2286 908 2366 aliquid
929 2285 994 2346 dum

10 2384 78 2439 rxet
91 2393 109 2436 a
124 2375 223 2452 nobis,
238 2376 302 2436 fere
317 2375 345 2435 hi
358 2376 482 2435 luerunt.

54 2459 163 2520 Serius
172 2458 300 2520 Nicanor
313 2461 420 2539 primus
432 2459 467 2520 ad
479 2459 581 2519 tamam
594 2457 847 2534 dignationemque
860 2452 991 2514 docendo
1006 2473 1023 2524 5

10 2544 149 2621 ¹ervenit,
161 2543 290 2622 iecitque
302 2552 419 2623 praeter
432 2544 670 2616 commentarios,
685 2557 805 2619 quorum
816 2547 910 2597 tamen
925 2556 993 2616 pars

10 2624 122 2690 ¹rtrrrima
133 2627 419 2706 interceptadicitur,
445 2637 604 2702 satyram
620 2642 752 2702 quoque,
769 2625 865 2701 inqua
885 2621 993 2680 liberti-

10 2729 65 2775 ιω
81 2730 114 2772 se
135 2729 169 2771 ac
185 2710 293 2790 duplici
310 2713 481 2788 cognomine
497 2728 563 2770 esse
582 2727 635 2788 per
651 2708 724 2767 haec
739 2706 860 2766 indicat:

166 2799 262 2857 Seuius
274 2800 399 2855 Nr'ccuor
412 2799 507 2854 Murci
518 2799 629 2853 tibertus
643 2795 766 2868 nepulit.-

165 2882 262 2940 seusus
271 2891 338 2956 post
349 2877 456 2940 buius*
471 2883 543 2938 idem
557 2897 591 2936 uc
606 2879 724 2934 Murcus
738 2876 849 2932 docebit.

10 2964 71 3039 lunt
92 2964 140 3043 qui
164 2963 294 3039 uadunt,
316 2963 354 3024 ob
373 2962 514 3022 infamiam
537 2958 677 3040 quandam
699 2976 762 3016 eum
784 2957 813 3014 in
834 2952 993 3013 Sardiniam

10 3049 162 3111 accesisse
178 3046 274 3125 ibique
289 3047 364 3107 diem
380 3047 488 3106 obisse.

59 3129 199 3191 Aurelius
221 3130 350 3210 Opilius,
377 3130 515 3209 Epicurei
536 3125 681 3188 cuiusdam
702 3123 837 3198 libertus,
862 3119 1022 3217 philosop

10 3214 98 3285 thiam
122 3215 232 3295 primo,
263 3214 366 3275 deinde
385 3215 576 3287 rhetoricam,
600 3209 757 3268 novissime
777 3212 993 3283 grammaticam

10 3288 107 3362 benit.
139 3298 262 3359 Dimissa
276 3308 369 3359 autem
384 3298 500 3374 schola,
520 3293 655 3356 Rutilium
672 3291 775 3351 Rufum
790 3290 949 3349 damnatum
965 3289 993 3344 in

10 3385 99 3447 triam
113 3392 247 3459 secutus,
268 3383 373 3442 ibidem
389 3384 528 3457 Smyrnae
540 3376 622 3438 simul
639 3376 803 3450 consenuit,
820 3370 993 3449 composuit·

10 3484 53 3529 ιο
73 3468 174 3528 suriae
197 3467 363 3527 erudtrtnnta
387 3467 496 3523 sumunt
517 3462 677 3537 volumina,
698 3477 738 3519 eu
757 3455 868 3538 quibus
884 3470 992 3516 uocem

757 3544 825 3601 17*
