<?xml version="1.0" encoding="UTF-8"?>
<!DOCTYPE html PUBLIC "-//W3C//DTD XHTML 1.0 Transitional//EN"
    "http://www.w3.org/TR/xhtml1/DTD/xhtml1-transitional.dtd">
<html xmlns="http://www.w3.org/1999/xhtml" xml:lang="en" lang="en">
 <head>
  <title>
</title>
<meta http-equiv="Content-Type" content="text/html;charset=utf-8" />
  <meta name='ocr-system' content='tesseract 3.04.00' />
  <meta name='ocr-capabilities' content='ocr_page ocr_carea ocr_par ocr_line ocrx_word'/>
</head>
<body>
  <div class='ocr_page' id='page_1' title='image "./csuetonitranqui01suetgoog_0413.png"; bbox 0 0 2286 3944; ppageno 0'>
   <div class='ocr_carea' id='block_1_1' title="bbox 23 247 753 315">
    <p class='ocr_par' dir='ltr' id='par_1_1' title="bbox 23 247 753 315">
     <span class='ocr_line' id='line_1_1' title="bbox 23 247 753 315; baseline -0.011 -5"><span class='ocrx_word' id='word_1_1' title='bbox 23 247 84 310; x_wconf 87' lang='lat'>308</span> <span class='ocrx_word' id='word_1_2' title='bbox 293 256 323 304; x_wconf 92' lang='lat' dir='ltr'>c.</span> <span class='ocrx_word' id='word_1_3' title='bbox 346 256 512 304; x_wconf 81' lang='lat' dir='ltr'>suurourr</span> <span class='ocrx_word' id='word_1_4' title='bbox 534 255 753 315; x_wconf 79' lang='lat' dir='ltr'>rnnnomuur</span> 
     </span>
    </p>
   </div>
   <div class='ocr_carea' id='block_1_2' title="bbox 23 409 1021 912">
    <p class='ocr_par' dir='ltr' id='par_1_2' title="bbox 23 409 1011 574">
     <span class='ocr_line' id='line_1_2' title="bbox 42 409 1011 491; baseline -0.003 -18"><span class='ocrx_word' id='word_1_5' title='bbox 42 458 47 462; x_wconf 78' lang='lat'>·</span> <span class='ocrx_word' id='word_1_6' title='bbox 85 412 180 491; x_wconf 77' lang='lat' dir='ltr'>lupus</span> <span class='ocrx_word' id='word_1_7' title='bbox 202 422 231 472; x_wconf 91' lang='lat' dir='ltr'>et</span> <span class='ocrx_word' id='word_1_8' title='bbox 252 413 337 490; x_wconf 91' lang='lat' dir='ltr'>lepus</span> <span class='ocrx_word' id='word_1_9' title='bbox 357 410 480 470; x_wconf 89' lang='lat' dir='ltr'>similem</span> <span class='ocrx_word' id='word_1_10' title='bbox 502 409 609 470; x_wconf 89' lang='lat' dir='ltr'>habeut</span> <span class='ocrx_word' id='word_1_11' title='bbox 628 427 750 487; x_wconf 87' lang='lat' dir='ltr'>vocem,</span> <span class='ocrx_word' id='word_1_12' title='bbox 774 429 833 471; x_wconf 95' lang='lat' dir='ltr'>non</span> <span class='ocrx_word' id='word_1_13' title='bbox 851 412 964 472; x_wconf 88' lang='lat' dir='ltr'>similem</span> <span class='ocrx_word' id='word_1_14' title='bbox 976 413 1011 472; x_wconf 86' lang='lat' dir='ltr'>dr·</span> 
     </span>
     <span class='ocr_line' id='line_1_3' title="bbox 23 492 804 574; baseline -0.006 -15"><span class='ocrx_word' id='word_1_15' title='bbox 23 499 220 564; x_wconf 86' lang='lat' dir='ltr'>clinatiouem;</span> <span class='ocrx_word' id='word_1_16' title='bbox 239 497 308 556; x_wconf 91' lang='lat' dir='ltr'>facit</span> <span class='ocrx_word' id='word_1_17' title='bbox 324 497 399 555; x_wconf 92' lang='lat' dir='ltr'>euim</span> <span class='ocrx_word' id='word_1_18' title='bbox 413 494 499 573; x_wconf 91' lang='lat' dir='ltr'>lepus</span> <span class='ocrx_word' id='word_1_19' title='bbox 514 492 595 572; x_wconf 88' lang='lat' dir='ltr'>poris</span> <span class='ocrx_word' id='word_1_20' title='bbox 617 502 647 552; x_wconf 91' lang='lat' dir='ltr'>et</span> <span class='ocrx_word' id='word_1_21' title='bbox 662 494 749 573; x_wconf 91' lang='lat' dir='ltr'>lupus</span> <span class='ocrx_word' id='word_1_22' title='bbox 765 497 804 574; x_wconf 90' lang='lat' dir='ltr'>pi.</span> 
     </span>
    </p>

    <p class='ocr_par' dir='ltr' id='par_1_3' title="bbox 23 579 1021 811">
     <span class='ocr_line' id='line_1_4' title="bbox 86 579 1012 659; baseline -0.001 -20"><span class='ocrx_word' id='word_1_23' title='bbox 86 580 234 659; x_wconf 79' lang='lat' dir='ltr'><strong>Expertus</strong></span> <span class='ocrx_word' id='word_1_24' title='bbox 265 589 294 641; x_wconf 88' lang='lat' dir='ltr'>et</span> <span class='ocrx_word' id='word_1_25' title='bbox 316 579 524 658; x_wconf 84' lang='lat' dir='ltr'>experrectus}</span> <span class='ocrx_word' id='word_1_26' title='bbox 548 586 688 656; x_wconf 76' lang='lat' dir='ltr'>expertus</span> <span class='ocrx_word' id='word_1_27' title='bbox 712 579 740 636; x_wconf 92' lang='lat' dir='ltr'>in</span> <span class='ocrx_word' id='word_1_28' title='bbox 762 598 796 638; x_wconf 93' lang='lat' dir='ltr'>re</span> <span class='ocrx_word' id='word_1_29' title='bbox 814 579 912 657; x_wconf 90' lang='lat' dir='ltr'>aliqua</span> <span class='ocrx_word' id='word_1_30' title='bbox 936 580 976 640; x_wconf 92' lang='lat' dir='ltr'>vel</span> <span class='ocrx_word' id='word_1_31' title='bbox 992 582 1012 638; x_wconf 90' lang='lat' dir='ltr'>in</span> 
     </span>
     <span class='ocr_line' id='line_1_5' title="bbox 23 662 1013 744; baseline -0.003 -19"><span class='ocrx_word' id='word_1_32' title='bbox 23 668 155 744; x_wconf 83' lang='lat' dir='ltr'>negotio,</span> <span class='ocrx_word' id='word_1_33' title='bbox 170 673 361 743; x_wconf 76' lang='lat' dir='ltr'>experrectus</span> <span class='ocrx_word' id='word_1_34' title='bbox 380 681 396 722; x_wconf 91' lang='lat' dir='ltr'>a</span> <span class='ocrx_word' id='word_1_35' title='bbox 412 679 513 722; x_wconf 91' lang='lat' dir='ltr'>somno</span> <span class='ocrx_word' id='word_1_36' title='bbox 528 671 557 721; x_wconf 90' lang='lat' dir='ltr'>et</span> <span class='ocrx_word' id='word_1_37' title='bbox 565 662 680 739; x_wconf 87' lang='lat' dir='ltr'>quiete;</span> <span class='ocrx_word' id='word_1_38' title='bbox 697 663 736 720; x_wconf 91' lang='lat' dir='ltr'>ita</span> <span class='ocrx_word' id='word_1_39' title='bbox 752 662 825 724; x_wconf 92' lang='lat' dir='ltr'>illud</span> <span class='ocrx_word' id='word_1_40' title='bbox 842 665 960 724; x_wconf 89' lang='lat' dir='ltr'>astutiae</span> <span class='ocrx_word' id='word_1_41' title='bbox 973 673 1013 739; x_wconf 90' lang='lat' dir='ltr'>est,</span> 
     </span>
     <span class='ocr_line' id='line_1_6' title="bbox 24 750 1021 811; baseline -0.009 0"><span class='ocrx_word' id='word_1_42' title='bbox 24 750 82 811; x_wconf 89' lang='lat' dir='ltr'>hoc</span> <span class='ocrx_word' id='word_1_43' title='bbox 97 751 228 808; x_wconf 90' lang='lat' dir='ltr'>inertiae.</span> <span class='ocrx_word' id='word_1_44' title='bbox 1012 767 1021 808; x_wconf 68' lang='lat' dir='ltr'>r</span> 
     </span>
    </p>

    <p class='ocr_par' dir='ltr' id='par_1_4' title="bbox 89 829 1014 912">
     <span class='ocr_line' id='line_1_7' title="bbox 89 829 1014 912; baseline -0.004 -19"><span class='ocrx_word' id='word_1_45' title='bbox 89 833 190 912; x_wconf 90' lang='lat' dir='ltr'>Spolia</span> <span class='ocrx_word' id='word_1_46' title='bbox 205 842 234 892; x_wconf 88' lang='lat' dir='ltr'>et</span> <span class='ocrx_word' id='word_1_47' title='bbox 250 832 371 891; x_wconf 84' lang='lat' dir='ltr'>exuviae</span> <span class='ocrx_word' id='word_1_48' title='bbox 388 830 455 908; x_wconf 90' lang='lat' dir='ltr'>quid</span> <span class='ocrx_word' id='word_1_49' title='bbox 471 829 623 907; x_wconf 86' lang='lat' dir='ltr'>differunt]</span> <span class='ocrx_word' id='word_1_50' title='bbox 657 829 754 907; x_wconf 90' lang='lat' dir='ltr'>spolia</span> <span class='ocrx_word' id='word_1_51' title='bbox 776 831 870 889; x_wconf 88' lang='lat' dir='ltr'>saucii</span> <span class='ocrx_word' id='word_1_52' title='bbox 894 831 1014 909; x_wconf 84' lang='lat' dir='ltr'>gladiato-</span> 
     </span>
    </p>
   </div>
   <div class='ocr_carea' id='block_1_3' title="bbox 26 911 1021 3400">
    <p class='ocr_par' dir='ltr' id='par_1_5' title="bbox 26 911 1015 1062">
     <span class='ocr_line' id='line_1_8' title="bbox 26 911 1015 989; baseline -0.005 -12"><span class='ocrx_word' id='word_1_53' title='bbox 26 921 64 977; x_wconf 90' lang='lat' dir='ltr'>ris</span> <span class='ocrx_word' id='word_1_54' title='bbox 87 926 116 976; x_wconf 89' lang='lat' dir='ltr'>et</span> <span class='ocrx_word' id='word_1_55' title='bbox 137 918 205 976; x_wconf 91' lang='lat' dir='ltr'>victi</span> <span class='ocrx_word' id='word_1_56' title='bbox 230 934 298 975; x_wconf 91' lang='lat' dir='ltr'>esse</span> <span class='ocrx_word' id='word_1_57' title='bbox 320 915 466 989; x_wconf 91' lang='lat' dir='ltr'>dicuutur,</span> <span class='ocrx_word' id='word_1_58' title='bbox 495 914 617 973; x_wconf 85' lang='lat' dir='ltr'>exuviae</span> <span class='ocrx_word' id='word_1_59' title='bbox 639 914 667 971; x_wconf 91' lang='lat' dir='ltr'>in</span> <span class='ocrx_word' id='word_1_60' title='bbox 687 911 769 972; x_wconf 91' lang='lat' dir='ltr'>bello</span> <span class='ocrx_word' id='word_1_61' title='bbox 792 915 938 975; x_wconf 76' lang='lat' dir='ltr'>interfecti</span> <span class='ocrx_word' id='word_1_62' title='bbox 952 915 1015 975; x_wconf 86' lang='lat' dir='ltr'>ducis</span> 
     </span>
     <span class='ocr_line' id='line_1_9' title="bbox 26 1003 216 1062; baseline -0.026 0"><span class='ocrx_word' id='word_1_63' title='bbox 26 1003 216 1062; x_wconf 81' lang='lat' dir='ltr'>nominantur.</span> 
     </span>
    </p>

    <p class='ocr_par' dir='ltr' id='par_1_6' title="bbox 27 1080 1016 1250">
     <span class='ocr_line' id='line_1_10' title="bbox 91 1080 1016 1161; baseline -0.005 -17"><span class='ocrx_word' id='word_1_64' title='bbox 91 1083 190 1144; x_wconf 83' lang='lat' dir='ltr'>Certat</span> <span class='ocrx_word' id='word_1_65' title='bbox 205 1094 234 1142; x_wconf 90' lang='lat' dir='ltr'>et</span> <span class='ocrx_word' id='word_1_66' title='bbox 251 1083 394 1161; x_wconf 81' lang='lat' dir='ltr'>certatur]</span> <span class='ocrx_word' id='word_1_67' title='bbox 426 1089 555 1141; x_wconf 88' lang='lat' dir='ltr'>certatur</span> <span class='ocrx_word' id='word_1_68' title='bbox 572 1080 693 1139; x_wconf 87' lang='lat' dir='ltr'>verbum</span> <span class='ocrx_word' id='word_1_69' title='bbox 711 1090 756 1140; x_wconf 91' lang='lat' dir='ltr'>est</span> <span class='ocrx_word' id='word_1_70' title='bbox 772 1082 953 1158; x_wconf 90' lang='lat' dir='ltr'>nominandi,</span> <span class='ocrx_word' id='word_1_71' title='bbox 968 1100 1016 1140; x_wconf 92' lang='lat' dir='ltr'>cum</span> 
     </span>
     <span class='ocr_line' id='line_1_11' title="bbox 27 1165 1016 1250; baseline -0.01 -19"><span class='ocrx_word' id='word_1_72' title='bbox 27 1170 130 1250; x_wconf 85' lang='lat' dir='ltr'>aliquis</span> <span class='ocrx_word' id='word_1_73' title='bbox 144 1170 173 1227; x_wconf 91' lang='lat' dir='ltr'>iu</span> <span class='ocrx_word' id='word_1_74' title='bbox 185 1167 250 1228; x_wconf 92' lang='lat' dir='ltr'>foro</span> <span class='ocrx_word' id='word_1_75' title='bbox 266 1169 355 1226; x_wconf 90' lang='lat' dir='ltr'>autin</span> <span class='ocrx_word' id='word_1_76' title='bbox 372 1166 440 1225; x_wconf 90' lang='lat' dir='ltr'>loco</span> <span class='ocrx_word' id='word_1_77' title='bbox 449 1173 592 1233; x_wconf 89' lang='lat' dir='ltr'>certatur;</span> <span class='ocrx_word' id='word_1_78' title='bbox 605 1173 703 1224; x_wconf 79' lang='lat' dir='ltr'>certat·</span> <span class='ocrx_word' id='word_1_79' title='bbox 713 1173 808 1224; x_wconf 91' lang='lat' dir='ltr'>autem</span> <span class='ocrx_word' id='word_1_80' title='bbox 820 1165 875 1225; x_wconf 91' lang='lat' dir='ltr'>ille</span> <span class='ocrx_word' id='word_1_81' title='bbox 893 1184 953 1226; x_wconf 90' lang='lat' dir='ltr'>cum</span> <span class='ocrx_word' id='word_1_82' title='bbox 967 1166 1016 1225; x_wconf 91' lang='lat' dir='ltr'>illo.</span> 
     </span>
    </p>

    <p class='ocr_par' dir='ltr' id='par_1_7' title="bbox 26 1249 1021 1496">
     <span class='ocr_line' id='line_1_12' title="bbox 90 1249 1019 1326; baseline -0.005 -14"><span class='ocrx_word' id='word_1_83' title='bbox 90 1253 120 1312; x_wconf 89' lang='lat' dir='ltr'>Si</span> <span class='ocrx_word' id='word_1_84' title='bbox 138 1269 259 1312; x_wconf 89' lang='lat' dir='ltr'>aeneum</span> <span class='ocrx_word' id='word_1_85' title='bbox 274 1258 370 1325; x_wconf 91' lang='lat' dir='ltr'>esset,</span> <span class='ocrx_word' id='word_1_86' title='bbox 388 1268 439 1309; x_wconf 89' lang='lat' dir='ltr'>aes</span> <span class='ocrx_word' id='word_1_87' title='bbox 455 1250 537 1309; x_wconf 90' lang='lat' dir='ltr'>aenis</span> <span class='ocrx_word' id='word_1_88' title='bbox 552 1249 636 1308; x_wconf 87' lang='lat' dir='ltr'>lieret</span> <span class='ocrx_word' id='word_1_89' title='bbox 650 1249 781 1326; x_wconf 81' lang='lat' dir='ltr'>genitivo</span> <span class='ocrx_word' id='word_1_90' title='bbox 801 1266 889 1320; x_wconf 90' lang='lat' dir='ltr'>casu;</span> <span class='ocrx_word' id='word_1_91' title='bbox 906 1268 965 1309; x_wconf 91' lang='lat' dir='ltr'>cum</span> <span class='ocrx_word' id='word_1_92' title='bbox 978 1268 1019 1308; x_wconf 89' lang='lat' dir='ltr'>aes</span> 
     </span>
     <span class='ocr_line' id='line_1_13' title="bbox 27 1333 1021 1412; baseline -0.005 -16"><span class='ocrx_word' id='word_1_93' title='bbox 27 1338 104 1398; x_wconf 89' lang='lat' dir='ltr'>aeris</span> <span class='ocrx_word' id='word_1_94' title='bbox 118 1335 221 1409; x_wconf 90' lang='lat' dir='ltr'>faciat,</span> <span class='ocrx_word' id='word_1_95' title='bbox 239 1352 356 1393; x_wconf 91' lang='lat' dir='ltr'>aereum</span> <span class='ocrx_word' id='word_1_96' title='bbox 373 1333 504 1408; x_wconf 86' lang='lat' dir='ltr'>dicimus,</span> <span class='ocrx_word' id='word_1_97' title='bbox 520 1341 550 1392; x_wconf 92' lang='lat' dir='ltr'>ut</span> <span class='ocrx_word' id='word_1_98' title='bbox 562 1334 626 1410; x_wconf 89' lang='lat' dir='ltr'>ipse</span> <span class='ocrx_word' id='word_1_99' title='bbox 642 1333 785 1410; x_wconf 86' lang='lat' dir='ltr'>Virgilius</span> <span class='ocrx_word' id='word_1_100' title='bbox 803 1333 859 1393; x_wconf 89' lang='lat' dir='ltr'>ait:</span> <span class='ocrx_word' id='word_1_101' title='bbox 875 1351 1021 1412; x_wconf 70' lang='lat' dir='ltr'>nexaeque</span> 
     </span>
     <span class='ocr_line' id='line_1_14' title="bbox 26 1417 1020 1496; baseline -0.005 -17"><span class='ocrx_word' id='word_1_102' title='bbox 26 1419 108 1480; x_wconf 84' lang='lat' dir='ltr'>Aere</span> <span class='ocrx_word' id='word_1_103' title='bbox 128 1417 251 1496; x_wconf 80' lang='lat' dir='ltr'>trabea,</span> <span class='ocrx_word' id='word_1_104' title='bbox 270 1426 300 1476; x_wconf 90' lang='lat' dir='ltr'>et</span> <span class='ocrx_word' id='word_1_105' title='bbox 319 1417 370 1476; x_wconf 91' lang='lat' dir='ltr'>illc</span> <span class='ocrx_word' id='word_1_106' title='bbox 393 1417 499 1476; x_wconf 82' lang='lat' dir='ltr'>artifex</span> <span class='ocrx_word' id='word_1_107' title='bbox 525 1417 653 1476; x_wconf 89' lang='lat' dir='ltr'>aerarius</span> <span class='ocrx_word' id='word_1_108' title='bbox 677 1417 797 1496; x_wconf 89' lang='lat' dir='ltr'>dicitur,</span> <span class='ocrx_word' id='word_1_109' title='bbox 816 1433 877 1476; x_wconf 92' lang='lat' dir='ltr'>nou</span> <span class='ocrx_word' id='word_1_110' title='bbox 892 1420 1020 1478; x_wconf 85' lang='lat' dir='ltr'>aerarius.</span> 
     </span>
    </p>

    <p class='ocr_par' dir='ltr' id='par_1_8' title="bbox 26 1500 1021 2066">
     <span class='ocr_line' id='line_1_15' title="bbox 87 1500 1021 1580; baseline 0 -20"><span class='ocrx_word' id='word_1_111' title='bbox 87 1500 195 1561; x_wconf 88' lang='lat' dir='ltr'>Neutra</span> <span class='ocrx_word' id='word_1_112' title='bbox 211 1518 411 1580; x_wconf 88' lang='lat' dir='ltr'>quaecumque</span> <span class='ocrx_word' id='word_1_113' title='bbox 427 1501 532 1580; x_wconf 81' lang='lat' dir='ltr'>plurali</span> <span class='ocrx_word' id='word_1_114' title='bbox 547 1517 666 1560; x_wconf 86' lang='lat' dir='ltr'>numero</span> <span class='ocrx_word' id='word_1_115' title='bbox 683 1501 712 1558; x_wconf 92' lang='lat' dir='ltr'>in</span> <span class='ocrx_word' id='word_1_116' title='bbox 726 1501 753 1561; x_wconf 91' lang='lat' dir='ltr'>ia</span> <span class='ocrx_word' id='word_1_117' title='bbox 775 1509 886 1560; x_wconf 83' lang='lat' dir='ltr'>exeunt</span> <span class='ocrx_word' id='word_1_118' title='bbox 901 1519 967 1562; x_wconf 90' lang='lat' dir='ltr'>casu</span> <span class='ocrx_word' id='word_1_119' title='bbox 981 1519 1021 1560; x_wconf 93' lang='lat' dir='ltr'>uo·</span> 
     </span>
     <span class='ocr_line' id='line_1_16' title="bbox 26 1583 1021 1664; baseline -0.003 -19"><span class='ocrx_word' id='word_1_120' title='bbox 26 1585 181 1661; x_wconf 86' lang='lat' dir='ltr'>minativo,</span> <span class='ocrx_word' id='word_1_121' title='bbox 207 1603 241 1645; x_wconf 90' lang='lat' dir='ltr'>ea</span> <span class='ocrx_word' id='word_1_122' title='bbox 263 1586 401 1662; x_wconf 80' lang='lat' dir='ltr'>genetivo</span> <span class='ocrx_word' id='word_1_123' title='bbox 423 1602 492 1644; x_wconf 89' lang='lat' dir='ltr'>casu</span> <span class='ocrx_word' id='word_1_124' title='bbox 513 1585 613 1643; x_wconf 87' lang='lat' dir='ltr'>fnium</span> <span class='ocrx_word' id='word_1_125' title='bbox 629 1583 778 1660; x_wconf 90' lang='lat' dir='ltr'>dicuutur,</span> <span class='ocrx_word' id='word_1_126' title='bbox 794 1586 1021 1664; x_wconf 88' lang='lat' dir='ltr'>tamquamdoci·</span> 
     </span>
     <span class='ocr_line' id='line_1_17' title="bbox 26 1667 1021 1746; baseline -0.003 -17"><span class='ocrx_word' id='word_1_127' title='bbox 26 1670 65 1729; x_wconf 92' lang='lat' dir='ltr'>lia</span> <span class='ocrx_word' id='word_1_128' title='bbox 79 1668 177 1729; x_wconf 89' lang='lat' dir='ltr'>facilia</span> <span class='ocrx_word' id='word_1_129' title='bbox 199 1668 286 1746; x_wconf 85' lang='lat' dir='ltr'>agilia</span> <span class='ocrx_word' id='word_1_130' title='bbox 310 1668 454 1744; x_wconf 79' lang='lat' dir='ltr'>forensia,</span> <span class='ocrx_word' id='word_1_131' title='bbox 481 1667 550 1728; x_wconf 90' lang='lat' dir='ltr'>facit</span> <span class='ocrx_word' id='word_1_132' title='bbox 565 1669 640 1727; x_wconf 90' lang='lat' dir='ltr'>enirn</span> <span class='ocrx_word' id='word_1_133' title='bbox 654 1668 809 1745; x_wconf 84' lang='lat' dir='ltr'>singularis</span> <span class='ocrx_word' id='word_1_134' title='bbox 825 1686 962 1729; x_wconf 88' lang='lat' dir='ltr'>numerus</span> <span class='ocrx_word' id='word_1_135' title='bbox 977 1670 1021 1729; x_wconf 88' lang='lat' dir='ltr'>hor</span> 
     </span>
     <span class='ocr_line' id='line_1_18' title="bbox 27 1752 1021 1829; baseline -0.003 -16"><span class='ocrx_word' id='word_1_136' title='bbox 27 1753 145 1813; x_wconf 83' lang='lat' dir='ltr'>forense</span> <span class='ocrx_word' id='word_1_137' title='bbox 167 1762 196 1812; x_wconf 92' lang='lat' dir='ltr'>et</span> <span class='ocrx_word' id='word_1_138' title='bbox 219 1752 326 1813; x_wconf 85' lang='lat' dir='ltr'>docile.</span> <span class='ocrx_word' id='word_1_139' title='bbox 362 1752 434 1813; x_wconf 90' lang='lat' dir='ltr'>ltem</span> <span class='ocrx_word' id='word_1_140' title='bbox 456 1770 520 1811; x_wconf 92' lang='lat' dir='ltr'>cnm</span> <span class='ocrx_word' id='word_1_141' title='bbox 536 1752 643 1812; x_wconf 87' lang='lat' dir='ltr'>docilia</span> <span class='ocrx_word' id='word_1_142' title='bbox 665 1753 795 1829; x_wconf 78' lang='lat' dir='ltr'>genitivo</span> <span class='ocrx_word' id='word_1_143' title='bbox 814 1769 886 1812; x_wconf 91' lang='lat' dir='ltr'>casu</span> <span class='ocrx_word' id='word_1_144' title='bbox 902 1754 1021 1813; x_wconf 89' lang='lat' dir='ltr'>dociliun</span> 
     </span>
     <span class='ocr_line' id='line_1_19' title="bbox 28 1835 1021 1914; baseline -0.004 -15"><span class='ocrx_word' id='word_1_145' title='bbox 28 1837 115 1899; x_wconf 90' lang='lat' dir='ltr'>faciat</span> <span class='ocrx_word' id='word_1_146' title='bbox 137 1837 254 1914; x_wconf 85' lang='lat' dir='ltr'>agilium</span> <span class='ocrx_word' id='word_1_147' title='bbox 275 1845 304 1896; x_wconf 90' lang='lat' dir='ltr'>et</span> <span class='ocrx_word' id='word_1_148' title='bbox 325 1837 468 1912; x_wconf 82' lang='lat' dir='ltr'>facilium,</span> <span class='ocrx_word' id='word_1_149' title='bbox 498 1836 618 1896; x_wconf 91' lang='lat' dir='ltr'>dicimus</span> <span class='ocrx_word' id='word_1_150' title='bbox 639 1835 798 1895; x_wconf 92' lang='lat' dir='ltr'>forensium</span> <span class='ocrx_word' id='word_1_151' title='bbox 817 1853 878 1895; x_wconf 94' lang='lat' dir='ltr'>nou</span> <span class='ocrx_word' id='word_1_152' title='bbox 893 1837 1021 1897; x_wconf 90' lang='lat' dir='ltr'>forensio</span> 
     </span>
     <span class='ocr_line' id='line_1_20' title="bbox 29 1919 1020 2000; baseline -0.002 -18"><span class='ocrx_word' id='word_1_153' title='bbox 29 1940 106 1991; x_wconf 89' lang='lat' dir='ltr'>rum;</span> <span class='ocrx_word' id='word_1_154' title='bbox 123 1923 162 1981; x_wconf 91' lang='lat' dir='ltr'>ita</span> <span class='ocrx_word' id='word_1_155' title='bbox 178 1921 274 1982; x_wconf 86' lang='lat' dir='ltr'>dativo</span> <span class='ocrx_word' id='word_1_156' title='bbox 287 1931 324 2000; x_wconf 20' lang='lat' dir='ltr'>,et</span> <span class='ocrx_word' id='word_1_157' title='bbox 340 1920 467 1981; x_wconf 90' lang='lat' dir='ltr'>ablativo</span> <span class='ocrx_word' id='word_1_158' title='bbox 485 1938 554 1980; x_wconf 90' lang='lat' dir='ltr'>casu</span> <span class='ocrx_word' id='word_1_159' title='bbox 572 1919 602 1979; x_wconf 88' lang='lat' dir='ltr'>lit</span> <span class='ocrx_word' id='word_1_160' title='bbox 619 1919 785 1979; x_wconf 89' lang='lat' dir='ltr'>forensibus</span> <span class='ocrx_word' id='word_1_161' title='bbox 808 1919 937 1997; x_wconf 84' lang='lat' dir='ltr'>agilibus</span> <span class='ocrx_word' id='word_1_162' title='bbox 954 1932 982 1980; x_wconf 91' lang='lat' dir='ltr'>et</span> <span class='ocrx_word' id='word_1_163' title='bbox 995 1921 1020 1980; x_wconf 86' lang='lat' dir='ltr'>fa</span> 
     </span>
     <span class='ocr_line' id='line_1_21' title="bbox 30 2006 143 2066; baseline -0.018 0"><span class='ocrx_word' id='word_1_164' title='bbox 30 2006 143 2066; x_wconf 88' lang='lat' dir='ltr'>cilihus.</span> 
     </span>
    </p>

    <p class='ocr_par' dir='ltr' id='par_1_9' title="bbox 30 2089 1021 2252">
     <span class='ocr_line' id='line_1_22' title="bbox 92 2089 1021 2168; baseline 0.002 -20"><span class='ocrx_word' id='word_1_165' title='bbox 92 2089 220 2150; x_wconf 80' lang='lat' dir='ltr'>Amictus</span> <span class='ocrx_word' id='word_1_166' title='bbox 243 2099 288 2149; x_wconf 93' lang='lat' dir='ltr'>est</span> <span class='ocrx_word' id='word_1_167' title='bbox 304 2092 437 2168; x_wconf 80' lang='lat' dir='ltr'>reiquae</span> <span class='ocrx_word' id='word_1_168' title='bbox 453 2090 584 2148; x_wconf 88' lang='lat' dir='ltr'>amicitur</span> <span class='ocrx_word' id='word_1_169' title='bbox 602 2105 717 2166; x_wconf 91' lang='lat' dir='ltr'>nomen,</span> <span class='ocrx_word' id='word_1_170' title='bbox 743 2089 866 2149; x_wconf 88' lang='lat' dir='ltr'>amicius</span> <span class='ocrx_word' id='word_1_171' title='bbox 883 2098 969 2152; x_wconf 83' lang='lat' dir='ltr'>veste</span> <span class='ocrx_word' id='word_1_172' title='bbox 984 2090 1021 2151; x_wconf 84' lang='lat' dir='ltr'>cir</span> 
     </span>
     <span class='ocr_line' id='line_1_23' title="bbox 30 2173 300 2252; baseline 0 -20"><span class='ocrx_word' id='word_1_173' title='bbox 30 2173 188 2234; x_wconf 88' lang='lat' dir='ltr'>cumdatus.</span> <span class='ocrx_word' id='word_1_174' title='bbox 298 2248 300 2252; x_wconf 5' lang='grc' dir='ltr'>μ</span> 
     </span>
    </p>

    <p class='ocr_par' dir='ltr' id='par_1_10' title="bbox 29 2257 1021 2501">
     <span class='ocr_line' id='line_1_24' title="bbox 92 2257 1021 2336; baseline 0.002 -20"><span class='ocrx_word' id='word_1_175' title='bbox 92 2257 171 2316; x_wconf 88' lang='lat' dir='ltr'>luter</span> <span class='ocrx_word' id='word_1_176' title='bbox 194 2257 297 2318; x_wconf 89' lang='lat' dir='ltr'>annale</span> <span class='ocrx_word' id='word_1_177' title='bbox 319 2265 348 2316; x_wconf 94' lang='lat' dir='ltr'>et</span> <span class='ocrx_word' id='word_1_178' title='bbox 369 2275 489 2316; x_wconf 92' lang='lat' dir='ltr'>annuum</span> <span class='ocrx_word' id='word_1_179' title='bbox 512 2266 540 2316; x_wconf 89' lang='lat' dir='ltr'>et</span> <span class='ocrx_word' id='word_1_180' title='bbox 563 2257 743 2336; x_wconf 85' lang='lat' dir='ltr'>anniculum]</span> <span class='ocrx_word' id='word_1_181' title='bbox 768 2258 881 2318; x_wconf 89' lang='lat' dir='ltr'>annalis</span> <span class='ocrx_word' id='word_1_182' title='bbox 903 2259 1021 2320; x_wconf 88' lang='lat' dir='ltr'>liberes</span> 
     </span>
     <span class='ocr_line' id='line_1_25' title="bbox 30 2341 1021 2420; baseline 0.003 -21"><span class='ocrx_word' id='word_1_183' title='bbox 30 2342 78 2418; x_wconf 91' lang='lat' dir='ltr'>qui</span> <span class='ocrx_word' id='word_1_184' title='bbox 100 2358 193 2400; x_wconf 87' lang='lat' dir='ltr'>annua</span> <span class='ocrx_word' id='word_1_185' title='bbox 211 2350 276 2400; x_wconf 86' lang='lat' dir='ltr'>acta</span> <span class='ocrx_word' id='word_1_186' title='bbox 300 2341 444 2416; x_wconf 90' lang='lat' dir='ltr'>continet,</span> <span class='ocrx_word' id='word_1_187' title='bbox 471 2359 579 2401; x_wconf 89' lang='lat' dir='ltr'>annuns</span> <span class='ocrx_word' id='word_1_188' title='bbox 599 2341 708 2400; x_wconf 86' lang='lat' dir='ltr'>fructus</span> <span class='ocrx_word' id='word_1_189' title='bbox 735 2342 783 2420; x_wconf 89' lang='lat' dir='ltr'>qui</span> <span class='ocrx_word' id='word_1_190' title='bbox 804 2358 858 2400; x_wconf 93' lang='lat' dir='ltr'>suo</span> <span class='ocrx_word' id='word_1_191' title='bbox 875 2344 952 2404; x_wconf 91' lang='lat' dir='ltr'>redit</span> <span class='ocrx_word' id='word_1_192' title='bbox 969 2354 1021 2404; x_wconf 89' lang='lat' dir='ltr'>tem</span> 
     </span>
     <span class='ocr_line' id='line_1_26' title="bbox 29 2423 867 2501; baseline 0.001 -20"><span class='ocrx_word' id='word_1_193' title='bbox 29 2439 118 2501; x_wconf 91' lang='lat' dir='ltr'>pore,</span> <span class='ocrx_word' id='word_1_194' title='bbox 141 2423 290 2482; x_wconf 91' lang='lat' dir='ltr'>anniculus</span> <span class='ocrx_word' id='word_1_195' title='bbox 305 2433 404 2500; x_wconf 88' lang='lat' dir='ltr'>potest</span> <span class='ocrx_word' id='word_1_196' title='bbox 421 2425 477 2484; x_wconf 91' lang='lat' dir='ltr'>dici</span> <span class='ocrx_word' id='word_1_197' title='bbox 491 2424 584 2484; x_wconf 90' lang='lat' dir='ltr'>infans</span> <span class='ocrx_word' id='word_1_198' title='bbox 600 2424 649 2483; x_wconf 88' lang='lat' dir='ltr'>vel</span> <span class='ocrx_word' id='word_1_199' title='bbox 664 2424 741 2485; x_wconf 91' lang='lat' dir='ltr'>aliud</span> <span class='ocrx_word' id='word_1_200' title='bbox 753 2425 867 2485; x_wconf 85' lang='lat' dir='ltr'>animal.</span> 
     </span>
    </p>

    <p class='ocr_par' dir='ltr' id='par_1_11' title="bbox 30 2505 1021 2665">
     <span class='ocr_line' id='line_1_27' title="bbox 90 2505 1021 2590; baseline 0.006 -25"><span class='ocrx_word' id='word_1_201' title='bbox 90 2505 169 2565; x_wconf 89' lang='lat' dir='ltr'>luter</span> <span class='ocrx_word' id='word_1_202' title='bbox 191 2507 324 2566; x_wconf 91' lang='lat' dir='ltr'>mendum</span> <span class='ocrx_word' id='word_1_203' title='bbox 345 2517 374 2566; x_wconf 92' lang='lat' dir='ltr'>et</span> <span class='ocrx_word' id='word_1_204' title='bbox 394 2508 590 2587; x_wconf 89' lang='lat' dir='ltr'>mendacium]</span> <span class='ocrx_word' id='word_1_205' title='bbox 618 2507 751 2568; x_wconf 93' lang='lat' dir='ltr'>mendum</span> <span class='ocrx_word' id='word_1_206' title='bbox 776 2518 821 2569; x_wconf 91' lang='lat' dir='ltr'>est</span> <span class='ocrx_word' id='word_1_207' title='bbox 840 2511 986 2590; x_wconf 75' lang='lat' dir='ltr'>scripto*</span> <span class='ocrx_word' id='word_1_208' title='bbox 1010 2530 1021 2570; x_wconf 88' lang='lat' dir='ltr'>e</span> 
     </span>
     <span class='ocr_line' id='line_1_28' title="bbox 30 2599 915 2665; baseline -0.006 -15"><span class='ocrx_word' id='word_1_209' title='bbox 30 2599 185 2650; x_wconf 91' lang='lat' dir='ltr'>amentum</span> <span class='ocrx_word' id='word_1_210' title='bbox 200 2599 326 2648; x_wconf 71' lang='lat' dir='ltr'>meutax,</span> <span class='ocrx_word' id='word_1_211' title='bbox 432 2601 435 2607; x_wconf 84' lang='lat'>&#39;</span> <span class='ocrx_word' id='word_1_212' title='bbox 912 2660 915 2665; x_wconf 88' lang='lat'><em>.</em></span> 
     </span>
    </p>

    <p class='ocr_par' dir='ltr' id='par_1_12' title="bbox 93 2673 969 2752">
     <span class='ocr_line' id='line_1_29' title="bbox 93 2673 969 2752; baseline 0.006 -19"><span class='ocrx_word' id='word_1_213' title='bbox 93 2673 171 2734; x_wconf 92' lang='lat' dir='ltr'>luter</span> <span class='ocrx_word' id='word_1_214' title='bbox 189 2681 237 2733; x_wconf 90' lang='lat' dir='ltr'>ant</span> <span class='ocrx_word' id='word_1_215' title='bbox 251 2682 280 2732; x_wconf 92' lang='lat' dir='ltr'>et</span> <span class='ocrx_word' id='word_1_216' title='bbox 298 2673 363 2752; x_wconf 81' lang='lat' dir='ltr'>vel}</span> <span class='ocrx_word' id='word_1_217' title='bbox 388 2684 436 2732; x_wconf 91' lang='lat' dir='ltr'>aut</span> <span class='ocrx_word' id='word_1_218' title='bbox 450 2676 635 2736; x_wconf 89' lang='lat' dir='ltr'>necessitatis</span> <span class='ocrx_word' id='word_1_219' title='bbox 652 2685 713 2752; x_wconf 92' lang='lat' dir='ltr'>est,</span> <span class='ocrx_word' id='word_1_220' title='bbox 733 2675 782 2734; x_wconf 92' lang='lat' dir='ltr'>vel</span> <span class='ocrx_word' id='word_1_221' title='bbox 798 2675 969 2739; x_wconf 88' lang='lat' dir='ltr'>voluntatis.</span> 
     </span>
    </p>

    <p class='ocr_par' dir='ltr' id='par_1_13' title="bbox 30 2757 1021 3006">
     <span class='ocr_line' id='line_1_30' title="bbox 93 2757 1021 2838; baseline 0.004 -21"><span class='ocrx_word' id='word_1_222' title='bbox 93 2757 171 2817; x_wconf 91' lang='lat' dir='ltr'>Inter</span> <span class='ocrx_word' id='word_1_223' title='bbox 193 2775 443 2835; x_wconf 88' lang='lat' dir='ltr'>supervacaneum</span> <span class='ocrx_word' id='word_1_224' title='bbox 460 2767 489 2818; x_wconf 88' lang='lat' dir='ltr'>et</span> <span class='ocrx_word' id='word_1_225' title='bbox 505 2759 733 2838; x_wconf 88' lang='lat' dir='ltr'>supervacuum]</span> <span class='ocrx_word' id='word_1_226' title='bbox 765 2777 968 2838; x_wconf 82' lang='lat' dir='ltr'>supervacuus</span> <span class='ocrx_word' id='word_1_227' title='bbox 992 2781 1021 2822; x_wconf 91' lang='lat' dir='ltr'>cu</span> 
     </span>
     <span class='ocr_line' id='line_1_31' title="bbox 30 2842 1021 2920; baseline 0.004 -19"><span class='ocrx_word' id='word_1_228' title='bbox 30 2844 73 2901; x_wconf 94' lang='lat' dir='ltr'>ius</span> <span class='ocrx_word' id='word_1_229' title='bbox 90 2861 158 2902; x_wconf 89' lang='lat' dir='ltr'>usus</span> <span class='ocrx_word' id='word_1_230' title='bbox 175 2842 202 2900; x_wconf 92' lang='lat' dir='ltr'>iu</span> <span class='ocrx_word' id='word_1_231' title='bbox 219 2842 365 2920; x_wconf 85' lang='lat' dir='ltr'>praesenti</span> <span class='ocrx_word' id='word_1_232' title='bbox 380 2842 485 2902; x_wconf 86' lang='lat' dir='ltr'>inutilis</span> <span class='ocrx_word' id='word_1_233' title='bbox 502 2852 562 2920; x_wconf 87' lang='lat' dir='ltr'>est,</span> <span class='ocrx_word' id='word_1_234' title='bbox 579 2844 765 2904; x_wconf 90' lang='lat' dir='ltr'>necessarius</span> <span class='ocrx_word' id='word_1_235' title='bbox 787 2852 884 2903; x_wconf 88' lang='lat' dir='ltr'>autem</span> <span class='ocrx_word' id='word_1_236' title='bbox 910 2845 1021 2905; x_wconf 90' lang='lat' dir='ltr'>futurus</span> 
     </span>
     <span class='ocr_line' id='line_1_32' title="bbox 31 2925 1021 3006; baseline 0.002 -22"><span class='ocrx_word' id='word_1_237' title='bbox 31 2935 265 3004; x_wconf 85' lang='lat' dir='ltr'>supervacaneus</span> <span class='ocrx_word' id='word_1_238' title='bbox 282 2936 327 2986; x_wconf 90' lang='lat' dir='ltr'>est</span> <span class='ocrx_word' id='word_1_239' title='bbox 345 2927 426 2987; x_wconf 91' lang='lat' dir='ltr'>cuius</span> <span class='ocrx_word' id='word_1_240' title='bbox 441 2945 509 2985; x_wconf 92' lang='lat' dir='ltr'>usus</span> <span class='ocrx_word' id='word_1_241' title='bbox 523 2929 598 2985; x_wconf 93' lang='lat' dir='ltr'>omui</span> <span class='ocrx_word' id='word_1_242' title='bbox 616 2938 747 3006; x_wconf 89' lang='lat' dir='ltr'>tempore</span> <span class='ocrx_word' id='word_1_243' title='bbox 763 2925 968 3005; x_wconf 85' lang='lat' dir='ltr'>supervacuus</span> <span class='ocrx_word' id='word_1_244' title='bbox 985 2939 1021 2989; x_wconf 75' lang='lat' dir='ltr'>esi</span> 
     </span>
    </p>

    <p class='ocr_par' dir='ltr' id='par_1_14' title="bbox 32 3009 1021 3170">
     <span class='ocr_line' id='line_1_33' title="bbox 93 3009 1021 3093; baseline 0.004 -25"><span class='ocrx_word' id='word_1_245' title='bbox 93 3009 171 3086; x_wconf 85' lang='lat' dir='ltr'>Erga</span> <span class='ocrx_word' id='word_1_246' title='bbox 193 3028 238 3068; x_wconf 91' lang='lat' dir='ltr'>me</span> <span class='ocrx_word' id='word_1_247' title='bbox 262 3020 291 3070; x_wconf 90' lang='lat' dir='ltr'>et</span> <span class='ocrx_word' id='word_1_248' title='bbox 314 3011 454 3070; x_wconf 85' lang='lat' dir='ltr'>adversus</span> <span class='ocrx_word' id='word_1_249' title='bbox 478 3028 524 3069; x_wconf 89' lang='lat' dir='ltr'>me</span> <span class='ocrx_word' id='word_1_250' title='bbox 539 3012 596 3070; x_wconf 91' lang='lat' dir='ltr'>hoc</span> <span class='ocrx_word' id='word_1_251' title='bbox 612 3011 724 3086; x_wconf 88' lang='lat' dir='ltr'>differt,</span> <span class='ocrx_word' id='word_1_252' title='bbox 742 3011 820 3089; x_wconf 87' lang='lat' dir='ltr'>quod</span> <span class='ocrx_word' id='word_1_253' title='bbox 835 3010 961 3071; x_wconf 91' lang='lat' dir='ltr'>alterum</span> <span class='ocrx_word' id='word_1_254' title='bbox 978 3016 1021 3093; x_wconf 86' lang='lat' dir='ltr'>pie</span> 
     </span>
     <span class='ocr_line' id='line_1_34' title="bbox 32 3094 805 3170; baseline 0.001 -19"><span class='ocrx_word' id='word_1_255' title='bbox 32 3095 96 3152; x_wconf 89' lang='lat' dir='ltr'>tatis</span> <span class='ocrx_word' id='word_1_256' title='bbox 113 3102 158 3152; x_wconf 91' lang='lat' dir='ltr'>est</span> <span class='ocrx_word' id='word_1_257' title='bbox 173 3102 201 3152; x_wconf 93' lang='lat' dir='ltr'>et</span> <span class='ocrx_word' id='word_1_258' title='bbox 216 3094 450 3170; x_wconf 90' lang='lat' dir='ltr'>benivolentiae,</span> <span class='ocrx_word' id='word_1_259' title='bbox 465 3095 587 3154; x_wconf 89' lang='lat' dir='ltr'>alterum</span> <span class='ocrx_word' id='word_1_260' title='bbox 603 3095 805 3155; x_wconf 88' lang='lat' dir='ltr'>contentionis.</span> 
     </span>
    </p>

    <p class='ocr_par' dir='ltr' id='par_1_15' title="bbox 30 3175 1021 3400">
     <span class='ocr_line' id='line_1_35' title="bbox 94 3175 1021 3259; baseline 0.005 -23"><span class='ocrx_word' id='word_1_261' title='bbox 94 3175 172 3237; x_wconf 91' lang='lat' dir='ltr'>Inter</span> <span class='ocrx_word' id='word_1_262' title='bbox 196 3177 403 3252; x_wconf 69' lang='lat' dir='ltr'>barbarumet</span> <span class='ocrx_word' id='word_1_263' title='bbox 426 3178 621 3259; x_wconf 86' lang='lat' dir='ltr'>barbaricum]</span> <span class='ocrx_word' id='word_1_264' title='bbox 653 3178 807 3239; x_wconf 84' lang='lat' dir='ltr'>barbarum</span> <span class='ocrx_word' id='word_1_265' title='bbox 836 3187 883 3237; x_wconf 90' lang='lat' dir='ltr'>est</span> <span class='ocrx_word' id='word_1_266' title='bbox 910 3181 1021 3241; x_wconf 90' lang='lat' dir='ltr'>moribu</span> 
     </span>
     <span class='ocr_line' id='line_1_36' title="bbox 31 3259 1021 3347; baseline 0.009 -30"><span class='ocrx_word' id='word_1_267' title='bbox 31 3259 79 3317; x_wconf 88' lang='lat' dir='ltr'>vel</span> <span class='ocrx_word' id='word_1_268' title='bbox 108 3279 260 3347; x_wconf 79' lang='lat' dir='ltr'>sermone,</span> <span class='ocrx_word' id='word_1_269' title='bbox 290 3261 472 3322; x_wconf 89' lang='lat' dir='ltr'>barbaricum</span> <span class='ocrx_word' id='word_1_270' title='bbox 499 3265 598 3340; x_wconf 91' lang='lat' dir='ltr'>operis</span> <span class='ocrx_word' id='word_1_271' title='bbox 629 3262 873 3324; x_wconf 87' lang='lat' dir='ltr'>demonstratione</span> <span class='ocrx_word' id='word_1_272' title='bbox 895 3262 968 3325; x_wconf 91' lang='lat' dir='ltr'>facit</span> <span class='ocrx_word' id='word_1_273' title='bbox 993 3284 1021 3326; x_wconf 80' lang='lat' dir='ltr'>vr</span> 
     </span>
     <span class='ocr_line' id='line_1_37' title="bbox 30 3349 149 3400; baseline 0.017 -2"><span class='ocrx_word' id='word_1_274' title='bbox 30 3349 149 3400; x_wconf 82' lang='lat' dir='ltr'>textum.</span> 
     </span>
    </p>
   </div>
   <div class='ocr_carea' id='block_1_4' title="bbox 29 3425 1021 3590">
    <p class='ocr_par' dir='ltr' id='par_1_16' title="bbox 29 3425 1021 3590">
     <span class='ocr_line' id='line_1_38' title="bbox 88 3425 1021 3510; baseline 0.011 -28"><span class='ocrx_word' id='word_1_275' title='bbox 88 3425 232 3502; x_wconf 88' lang='lat' dir='ltr'>Specular</span> <span class='ocrx_word' id='word_1_276' title='bbox 253 3446 288 3486; x_wconf 92' lang='lat' dir='ltr'>an</span> <span class='ocrx_word' id='word_1_277' title='bbox 310 3430 483 3507; x_wconf 81' lang='lat' dir='ltr'>speculare]</span> <span class='ocrx_word' id='word_1_278' title='bbox 515 3428 615 3488; x_wconf 68' lang='lat' dir='ltr'>ssmria</span> <span class='ocrx_word' id='word_1_279' title='bbox 638 3439 739 3490; x_wconf 89' lang='lat' dir='ltr'>neutra</span> <span class='ocrx_word' id='word_1_280' title='bbox 762 3447 837 3510; x_wconf 88' lang='lat' dir='ltr'>quae</span> <span class='ocrx_word' id='word_1_281' title='bbox 860 3429 969 3508; x_wconf 90' lang='lat' dir='ltr'>plurali</span> <span class='ocrx_word' id='word_1_282' title='bbox 993 3453 1021 3492; x_wconf 88' lang='lat' dir='ltr'>m</span> 
     </span>
     <span class='ocr_line' id='line_1_39' title="bbox 29 3510 1021 3590; baseline 0.011 -25"><span class='ocrx_word' id='word_1_283' title='bbox 29 3523 102 3565; x_wconf 75' lang='lat' dir='ltr'>merc</span> <span class='ocrx_word' id='word_1_284' title='bbox 132 3525 178 3566; x_wconf 69' lang='lat' dir='ltr'>uer</span> <span class='ocrx_word' id='word_1_285' title='bbox 207 3510 228 3550; x_wconf 61' lang='lat'>¹⁰³</span> <span class='ocrx_word' id='word_1_286' title='bbox 258 3513 360 3554; x_wconf 62' lang='lat' dir='ltr'>›runt‘r</span> <span class='ocrx_word' id='word_1_287' title='bbox 381 3513 511 3566; x_wconf 63' lang='lat' dir='ltr'>sfrw&#39;m</span> <span class='ocrx_word' id='word_1_288' title='bbox 642 3513 673 3566; x_wconf 70' lang='lat' dir='ltr'>td</span> <span class='ocrx_word' id='word_1_289' title='bbox 697 3513 871 3590; x_wconf 63' lang='lat' dir='ltr'>singularem</span> <span class='ocrx_word' id='word_1_290' title='bbox 892 3532 1021 3578; x_wconf 87' lang='lat' dir='ltr'>uumerur</span> 
     </span>
    </p>
   </div>
   <div class='ocr_carea' id='block_1_5' title="bbox 0 0 1156 3944">
    <p class='ocr_par' dir='ltr' id='par_1_17' title="bbox 0 0 1156 3944">
     <span class='ocr_line' id='line_1_40' title="bbox 0 0 1156 3944; baseline 0 0"><span class='ocrx_word' id='word_1_291' title='bbox 0 0 1156 3944; x_wconf 95' lang='lat' dir='ltr'> </span> 
     </span>
    </p>
   </div>
  </div>
 </body>
</html>
