<?xml version="1.0" encoding="UTF-8"?>
<!DOCTYPE html PUBLIC "-//W3C//DTD XHTML 1.0 Transitional//EN"
    "http://www.w3.org/TR/xhtml1/DTD/xhtml1-transitional.dtd">
<html xmlns="http://www.w3.org/1999/xhtml" xml:lang="en" lang="en">
 <head>
  <title>
</title>
<meta http-equiv="Content-Type" content="text/html;charset=utf-8" />
  <meta name='ocr-system' content='tesseract 3.04.00' />
  <meta name='ocr-capabilities' content='ocr_page ocr_carea ocr_par ocr_line ocrx_word'/>
</head>
<body>
  <div class='ocr_page' id='page_1' title='image "./csuetonitranqui01suetgoog_0279.png"; bbox 0 0 2286 3944; ppageno 0'>
   <div class='ocr_carea' id='block_1_1' title="bbox 164 203 1111 271">
    <p class='ocr_par' dir='ltr' id='par_1_1' title="bbox 164 203 1111 271">
     <span class='ocr_line' id='line_1_1' title="bbox 164 203 1111 271; baseline -0.007 -8"><span class='ocrx_word' id='word_1_1' title='bbox 164 203 225 263; x_wconf 82' lang='lat'><strong>172</strong></span> <span class='ocrx_word' id='word_1_2' title='bbox 246 214 276 260; x_wconf 90' lang='lat' dir='ltr'><strong>c.</strong></span> <span class='ocrx_word' id='word_1_3' title='bbox 294 211 445 260; x_wconf 83' lang='lat' dir='ltr'><strong>sunaoru</strong></span> <span class='ocrx_word' id='word_1_4' title='bbox 463 211 594 271; x_wconf 69' lang='lat' dir='ltr'><strong>uncae.</strong></span> <span class='ocrx_word' id='word_1_5' title='bbox 609 211 659 257; x_wconf 82' lang='lat' dir='ltr'><strong>nn</strong></span> <span class='ocrx_word' id='word_1_6' title='bbox 672 211 758 258; x_wconf 76' lang='lat' dir='ltr'><strong>utun</strong></span> <span class='ocrx_word' id='word_1_7' title='bbox 773 210 962 259; x_wconf 74' lang='lat' dir='ltr'><strong>cassanum</strong></span> <span class='ocrx_word' id='word_1_8' title='bbox 977 211 1050 258; x_wconf 78' lang='lat' dir='ltr'><strong>mn.</strong></span> <span class='ocrx_word' id='word_1_9' title='bbox 1068 211 1111 257; x_wconf 86' lang='lat' dir='ltr'><strong>vr.</strong></span> 
     </span>
    </p>
   </div>
   <div class='ocr_carea' id='block_1_2' title="bbox 128 364 1143 3367">
    <p class='ocr_par' dir='ltr' id='par_1_2' title="bbox 163 364 1134 524">
     <span class='ocr_line' id='line_1_2' title="bbox 163 364 1134 441; baseline 0 -15"><span class='ocrx_word' id='word_1_10' title='bbox 163 367 342 427; x_wconf 74' lang='lat' dir='ltr'><strong>venationes</strong></span> <span class='ocrx_word' id='word_1_11' title='bbox 358 373 388 424; x_wconf 91' lang='lat' dir='ltr'><strong>et</strong></span> <span class='ocrx_word' id='word_1_12' title='bbox 404 367 431 423; x_wconf 91' lang='lat' dir='ltr'><strong>in</strong></span> <span class='ocrx_word' id='word_1_13' title='bbox 447 367 527 424; x_wconf 91' lang='lat' dir='ltr'><strong>circo</strong></span> <span class='ocrx_word' id='word_1_14' title='bbox 543 366 616 423; x_wconf 91' lang='lat' dir='ltr'><strong>etin</strong></span> <span class='ocrx_word' id='word_1_15' title='bbox 635 365 767 424; x_wconf 89' lang='lat' dir='ltr'><strong>omuibus</strong></span> <span class='ocrx_word' id='word_1_16' title='bbox 782 364 864 424; x_wconf 87' lang='lat' dir='ltr'><strong>urbis</strong></span> <span class='ocrx_word' id='word_1_17' title='bbox 882 364 1059 441; x_wconf 80' lang='lat' dir='ltr'><strong>regionibus</strong></span> <span class='ocrx_word' id='word_1_18' title='bbox 1081 366 1134 426; x_wconf 87' lang='lat' dir='ltr'><strong>ded</strong></span> 
     </span>
     <span class='ocr_line' id='line_1_3' title="bbox 163 447 1131 524; baseline 0 -15"><span class='ocrx_word' id='word_1_19' title='bbox 163 468 264 509; x_wconf 87' lang='lat' dir='ltr'><strong>munus</strong></span> <span class='ocrx_word' id='word_1_20' title='bbox 275 451 360 507; x_wconf 89' lang='lat' dir='ltr'><strong>etiam</strong></span> <span class='ocrx_word' id='word_1_21' title='bbox 372 448 585 524; x_wconf 85' lang='lat' dir='ltr'><strong>gladiatorium,</strong></span> <span class='ocrx_word' id='word_1_22' title='bbox 602 447 655 507; x_wconf 89' lang='lat' dir='ltr'><strong>sed</strong></span> <span class='ocrx_word' id='word_1_23' title='bbox 663 457 741 507; x_wconf 88' lang='lat' dir='ltr'><strong>tanta</strong></span> <span class='ocrx_word' id='word_1_24' title='bbox 753 449 887 523; x_wconf 86' lang='lat' dir='ltr'><strong>saevitia,</strong></span> <span class='ocrx_word' id='word_1_25' title='bbox 903 457 934 506; x_wconf 93' lang='lat' dir='ltr'><strong>nt</strong></span> <span class='ocrx_word' id='word_1_26' title='bbox 946 465 1074 507; x_wconf 88' lang='lat' dir='ltr'><strong>necesse</strong></span> <span class='ocrx_word' id='word_1_27' title='bbox 1085 450 1131 509; x_wconf 86' lang='lat' dir='ltr'><strong>lue</strong></span> 
     </span>
    </p>

    <p class='ocr_par' dir='ltr' id='par_1_3' title="bbox 134 531 1143 1856">
     <span class='ocr_line' id='line_1_4' title="bbox 134 531 1139 609; baseline -0.001 -16"><span class='ocrx_word' id='word_1_28' title='bbox 134 534 296 609; x_wconf 79' lang='lat' dir='ltr'><strong>snugnsto</strong></span> <span class='ocrx_word' id='word_1_29' title='bbox 313 532 387 591; x_wconf 92' lang='lat' dir='ltr'><strong>clam</strong></span> <span class='ocrx_word' id='word_1_30' title='bbox 403 532 509 591; x_wconf 78' lang='lat' dir='ltr'><strong>bostra</strong></span> <span class='ocrx_word' id='word_1_31' title='bbox 526 532 663 590; x_wconf 91' lang='lat' dir='ltr'><strong>monitum</strong></span> <span class='ocrx_word' id='word_1_32' title='bbox 678 531 776 590; x_wconf 91' lang='lat' dir='ltr'><strong>edicto</strong></span> <span class='ocrx_word' id='word_1_33' title='bbox 793 549 948 590; x_wconf 90' lang='lat' dir='ltr'><strong>coercere.</strong></span> <span class='ocrx_word' id='word_1_34' title='bbox 982 531 1032 590; x_wconf 82' lang='lat' dir='ltr'><strong>Ex</strong></span> <span class='ocrx_word' id='word_1_35' title='bbox 1047 532 1139 592; x_wconf 83' lang='lat' dir='ltr'><strong>Anton</strong></span> 
     </span>
     <span class='ocr_line' id='line_1_5' title="bbox 163 614 1138 694; baseline 0 -19"><span class='ocrx_word' id='word_1_36' title='bbox 163 618 274 676; x_wconf 88' lang='lat' dir='ltr'><strong>maiore</strong></span> <span class='ocrx_word' id='word_1_37' title='bbox 289 624 401 694; x_wconf 90' lang='lat' dir='ltr'><strong>patrem</strong></span> <span class='ocrx_word' id='word_1_38' title='bbox 415 614 542 674; x_wconf 86' lang='lat' dir='ltr'><strong>Neronis</strong></span> <span class='ocrx_word' id='word_1_39' title='bbox 559 617 744 692; x_wconf 86' lang='lat' dir='ltr'><strong>procreavit,</strong></span> <span class='ocrx_word' id='word_1_40' title='bbox 760 616 837 673; x_wconf 91' lang='lat' dir='ltr'><strong>omni</strong></span> <span class='ocrx_word' id='word_1_41' title='bbox 853 623 937 693; x_wconf 92' lang='lat' dir='ltr'><strong>parte</strong></span> <span class='ocrx_word' id='word_1_42' title='bbox 950 615 1031 674; x_wconf 88' lang='lat' dir='ltr'><strong>vitae</strong></span> <span class='ocrx_word' id='word_1_43' title='bbox 1047 615 1138 675; x_wconf 90' lang='lat' dir='ltr'><strong>detest</strong></span> 
     </span>
     <span class='ocr_line' id='line_1_6' title="bbox 164 696 1138 777; baseline -0.001 -18"><span class='ocrx_word' id='word_1_44' title='bbox 164 700 262 760; x_wconf 72' lang='lat' dir='ltr'><strong>bilem·</strong></span> <span class='ocrx_word' id='word_1_45' title='bbox 301 698 448 777; x_wconf 83' lang='lat' dir='ltr'>Siquidem</span> <span class='ocrx_word' id='word_1_46' title='bbox 477 716 576 758; x_wconf 89' lang='lat' dir='ltr'><strong>comes</strong></span> <span class='ocrx_word' id='word_1_47' title='bbox 602 697 638 757; x_wconf 91' lang='lat' dir='ltr'><strong>ad</strong></span> <span class='ocrx_word' id='word_1_48' title='bbox 659 697 808 757; x_wconf 72' lang='lat' dir='ltr'>Orientem</span> <span class='ocrx_word' id='word_1_49' title='bbox 832 697 865 758; x_wconf 84' lang='lat' dir='ltr'><strong>G.</strong></span> <span class='ocrx_word' id='word_1_50' title='bbox 886 696 1026 759; x_wconf 78' lang='lat' dir='ltr'>Caesaris</span> <span class='ocrx_word' id='word_1_51' title='bbox 1048 701 1138 759; x_wconf 84' lang='lat' dir='ltr'><strong>iuveni</strong></span> 
     </span>
     <span class='ocr_line' id='line_1_7' title="bbox 167 781 1136 858; baseline 0 -16"><span class='ocrx_word' id='word_1_52' title='bbox 167 785 268 843; x_wconf 91' lang='lat' dir='ltr'><strong>occiso</strong></span> <span class='ocrx_word' id='word_1_53' title='bbox 284 783 392 841; x_wconf 91' lang='lat' dir='ltr'><strong>liberto</strong></span> <span class='ocrx_word' id='word_1_54' title='bbox 408 799 481 858; x_wconf 91' lang='lat' dir='ltr'><strong>suo,</strong></span> <span class='ocrx_word' id='word_1_55' title='bbox 502 781 580 858; x_wconf 93' lang='lat' dir='ltr'><strong>quod</strong></span> <span class='ocrx_word' id='word_1_56' title='bbox 600 789 703 858; x_wconf 92' lang='lat' dir='ltr'><strong>potare</strong></span> <span class='ocrx_word' id='word_1_57' title='bbox 724 791 859 858; x_wconf 73' lang='lat' dir='ltr'><strong>quarum</strong></span> <span class='ocrx_word' id='word_1_58' title='bbox 881 781 1038 842; x_wconf 88' lang='lat' dir='ltr'><strong>iubebatur</strong></span> <span class='ocrx_word' id='word_1_59' title='bbox 1055 801 1136 842; x_wconf 83' lang='lat' dir='ltr'><strong>recca</strong></span> 
     </span>
     <span class='ocr_line' id='line_1_8' title="bbox 166 864 1143 941; baseline -0.002 -14"><span class='ocrx_word' id='word_1_60' title='bbox 166 876 226 941; x_wconf 89' lang='lat' dir='ltr'><strong>rat,</strong></span> <span class='ocrx_word' id='word_1_61' title='bbox 241 866 376 925; x_wconf 88' lang='lat' dir='ltr'><strong>dimissus</strong></span> <span class='ocrx_word' id='word_1_62' title='bbox 393 884 410 924; x_wconf 92' lang='lat' dir='ltr'><strong>e</strong></span> <span class='ocrx_word' id='word_1_63' title='bbox 427 864 547 924; x_wconf 81' lang='lat' dir='ltr'>cohorte</span> <span class='ocrx_word' id='word_1_64' title='bbox 563 867 719 923; x_wconf 89' lang='lat' dir='ltr'><strong>amicorum</strong></span> <span class='ocrx_word' id='word_1_65' title='bbox 736 864 825 926; x_wconf 82' lang='lat' dir='ltr'><strong>nihilo</strong></span> <span class='ocrx_word' id='word_1_66' title='bbox 838 864 999 924; x_wconf 81' lang='lat' dir='ltr'><strong>modestius</strong></span> <span class='ocrx_word' id='word_1_67' title='bbox 1015 867 1096 925; x_wconf 82' lang='lat' dir='ltr'><strong>vixit.</strong></span> <span class='ocrx_word' id='word_1_68' title='bbox 1112 868 1143 925; x_wconf 62' lang='lat' dir='ltr'><strong>Sa</strong></span> 
     </span>
     <span class='ocr_line' id='line_1_9' title="bbox 168 950 1139 1027; baseline -0.001 -17"><span class='ocrx_word' id='word_1_69' title='bbox 168 960 198 1010; x_wconf 91' lang='lat' dir='ltr'><strong>et</strong></span> <span class='ocrx_word' id='word_1_70' title='bbox 212 953 240 1008; x_wconf 91' lang='lat' dir='ltr'><strong>in</strong></span> <span class='ocrx_word' id='word_1_71' title='bbox 255 951 320 1009; x_wconf 80' lang='lat' dir='ltr'><strong>viae</strong></span> <span class='ocrx_word' id='word_1_72' title='bbox 335 950 450 1027; x_wconf 81' lang='lat' dir='ltr'><strong>Appiae</strong></span> <span class='ocrx_word' id='word_1_73' title='bbox 465 950 532 1007; x_wconf 81' lang='lat' dir='ltr'><strong>vico</strong></span> <span class='ocrx_word' id='word_1_74' title='bbox 548 956 670 1025; x_wconf 89' lang='lat' dir='ltr'><strong>repente</strong></span> <span class='ocrx_word' id='word_1_75' title='bbox 685 966 807 1025; x_wconf 90' lang='lat' dir='ltr'><strong>puerum</strong></span> <span class='ocrx_word' id='word_1_76' title='bbox 830 950 924 1008; x_wconf 91' lang='lat' dir='ltr'><strong>citatis</strong></span> <span class='ocrx_word' id='word_1_77' title='bbox 946 950 1083 1009; x_wconf 85' lang='lat' dir='ltr'><strong>iumentis</strong></span> <span class='ocrx_word' id='word_1_78' title='bbox 1096 950 1139 1009; x_wconf 89' lang='lat' dir='ltr'><strong>ba</strong></span> 
     </span>
     <span class='ocr_line' id='line_1_10' title="bbox 167 1031 1135 1110; baseline -0.001 -18"><span class='ocrx_word' id='word_1_79' title='bbox 167 1036 285 1110; x_wconf 87' lang='lat' dir='ltr'><strong>ignarus</strong></span> <span class='ocrx_word' id='word_1_80' title='bbox 301 1033 434 1107; x_wconf 83' lang='lat' dir='ltr'><strong>obtrivit,</strong></span> <span class='ocrx_word' id='word_1_81' title='bbox 452 1041 482 1090; x_wconf 87' lang='lat' dir='ltr'><strong>et</strong></span> <span class='ocrx_word' id='word_1_82' title='bbox 496 1032 606 1091; x_wconf 84' lang='lat' dir='ltr'><strong>Romae</strong></span> <span class='ocrx_word' id='word_1_83' title='bbox 620 1031 716 1090; x_wconf 90' lang='lat' dir='ltr'><strong>medio</strong></span> <span class='ocrx_word' id='word_1_84' title='bbox 731 1031 798 1090; x_wconf 85' lang='lat' dir='ltr'><strong>loro</strong></span> <span class='ocrx_word' id='word_1_85' title='bbox 814 1032 926 1091; x_wconf 91' lang='lat' dir='ltr'><strong>cuidam</strong></span> <span class='ocrx_word' id='word_1_86' title='bbox 941 1034 1035 1109; x_wconf 90' lang='lat' dir='ltr'><strong>equiti</strong></span> <span class='ocrx_word' id='word_1_87' title='bbox 1047 1033 1083 1093; x_wconf 77' lang='lat' dir='ltr'><strong>li.</strong></span> <span class='ocrx_word' id='word_1_88' title='bbox 1099 1033 1135 1092; x_wconf 89' lang='lat' dir='ltr'><strong>lib</strong></span> 
     </span>
     <span class='ocr_line' id='line_1_11' title="bbox 167 1114 1141 1193; baseline 0.001 -18"><span class='ocrx_word' id='word_1_89' title='bbox 167 1120 228 1176; x_wconf 88' lang='lat' dir='ltr'><strong>rius</strong></span> <span class='ocrx_word' id='word_1_90' title='bbox 249 1119 371 1192; x_wconf 88' lang='lat' dir='ltr'><strong>iurganti</strong></span> <span class='ocrx_word' id='word_1_91' title='bbox 394 1115 509 1174; x_wconf 89' lang='lat' dir='ltr'><strong>oculum</strong></span> <span class='ocrx_word' id='word_1_92' title='bbox 531 1118 618 1181; x_wconf 78' lang='lat' dir='ltr'><strong>cruit:</strong></span> <span class='ocrx_word' id='word_1_93' title='bbox 651 1114 792 1193; x_wconf 84' lang='lat' dir='ltr'><strong>perfidiae</strong></span> <span class='ocrx_word' id='word_1_94' title='bbox 816 1133 887 1174; x_wconf 88' lang='lat' dir='ltr'><strong>vero</strong></span> <span class='ocrx_word' id='word_1_95' title='bbox 911 1124 1029 1191; x_wconf 90' lang='lat' dir='ltr'><strong>tautae,</strong></span> <span class='ocrx_word' id='word_1_96' title='bbox 1058 1125 1141 1176; x_wconf 81' lang='lat' dir='ltr'><strong>utu·</strong></span> 
     </span>
     <span class='ocr_line' id='line_1_12' title="bbox 167 1198 1138 1278; baseline 0.001 -20"><span class='ocrx_word' id='word_1_97' title='bbox 167 1200 253 1258; x_wconf 91' lang='lat' dir='ltr'><strong>modo</strong></span> <span class='ocrx_word' id='word_1_98' title='bbox 271 1199 451 1275; x_wconf 85' lang='lat' dir='ltr'><strong>argentarios</strong></span> <span class='ocrx_word' id='word_1_99' title='bbox 467 1200 568 1276; x_wconf 87' lang='lat' dir='ltr'><strong>pretiis</strong></span> <span class='ocrx_word' id='word_1_100' title='bbox 582 1217 679 1257; x_wconf 92' lang='lat' dir='ltr'><strong>rerum</strong></span> <span class='ocrx_word' id='word_1_101' title='bbox 695 1208 908 1276; x_wconf 74' lang='lat' dir='ltr'><strong>coemptarum,</strong></span> <span class='ocrx_word' id='word_1_102' title='bbox 927 1198 980 1258; x_wconf 88' lang='lat' dir='ltr'><strong>sed</strong></span> <span class='ocrx_word' id='word_1_103' title='bbox 997 1208 1028 1258; x_wconf 88' lang='lat' dir='ltr'><strong>et</strong></span> <span class='ocrx_word' id='word_1_104' title='bbox 1043 1200 1071 1258; x_wconf 94' lang='lat' dir='ltr'><strong>in</strong></span> <span class='ocrx_word' id='word_1_105' title='bbox 1088 1219 1138 1278; x_wconf 92' lang='lat' dir='ltr'><strong>pra</strong></span> 
     </span>
     <span class='ocr_line' id='line_1_13' title="bbox 167 1281 1141 1358; baseline 0.001 -17"><span class='ocrx_word' id='word_1_106' title='bbox 167 1293 230 1342; x_wconf 88' lang='lat' dir='ltr'><strong>tura</strong></span> <span class='ocrx_word' id='word_1_107' title='bbox 247 1282 385 1341; x_wconf 84' lang='lat' dir='ltr'><strong>mercede</strong></span> <span class='ocrx_word' id='word_1_108' title='bbox 409 1281 565 1357; x_wconf 91' lang='lat' dir='ltr'><strong>palmarum</strong></span> <span class='ocrx_word' id='word_1_109' title='bbox 586 1283 748 1358; x_wconf 78' lang='lat' dir='ltr'><strong>aurIgarios</strong></span> <span class='ocrx_word' id='word_1_110' title='bbox 766 1281 958 1351; x_wconf 64' lang='lat' dir='ltr'><strong>fraudaverim</strong></span> <span class='ocrx_word' id='word_1_111' title='bbox 995 1292 1112 1343; x_wconf 89' lang='lat' dir='ltr'><strong>notatus</strong></span> <span class='ocrx_word' id='word_1_112' title='bbox 1137 1308 1141 1336; x_wconf 91' lang='grc' dir='ltr'>ι</span> 
     </span>
     <span class='ocr_line' id='line_1_14' title="bbox 167 1364 1138 1445; baseline 0.003 -22"><span class='ocrx_word' id='word_1_113' title='bbox 167 1365 241 1424; x_wconf 90' lang='lat' dir='ltr'><strong>baec</strong></span> <span class='ocrx_word' id='word_1_114' title='bbox 253 1373 282 1422; x_wconf 90' lang='lat' dir='ltr'><strong>ct</strong></span> <span class='ocrx_word' id='word_1_115' title='bbox 294 1366 406 1423; x_wconf 89' lang='lat' dir='ltr'><strong>sororis</strong></span> <span class='ocrx_word' id='word_1_116' title='bbox 418 1365 495 1438; x_wconf 83' lang='lat' dir='ltr'><strong>loco,</strong></span> <span class='ocrx_word' id='word_1_117' title='bbox 503 1365 520 1399; x_wconf 82' lang='grc'><strong><em>*</em></strong></span> <span class='ocrx_word' id='word_1_118' title='bbox 539 1365 727 1442; x_wconf 72' lang='lat' dir='ltr'><strong>querentibus</strong></span> <span class='ocrx_word' id='word_1_119' title='bbox 739 1364 861 1424; x_wconf 91' lang='lat' dir='ltr'><strong>dominis</strong></span> <span class='ocrx_word' id='word_1_120' title='bbox 876 1365 1038 1425; x_wconf 82' lang='lat' dir='ltr'><strong>lactionum</strong></span> <span class='ocrx_word' id='word_1_121' title='bbox 1052 1385 1138 1445; x_wconf 88' lang='lat' dir='ltr'><strong>repra</strong></span> 
     </span>
     <span class='ocr_line' id='line_1_15' title="bbox 168 1445 1127 1528; baseline 0.005 -23"><span class='ocrx_word' id='word_1_122' title='bbox 168 1445 306 1505; x_wconf 89' lang='lat' dir='ltr'><strong>sentanda</strong></span> <span class='ocrx_word' id='word_1_123' title='bbox 328 1448 455 1524; x_wconf 87' lang='lat' dir='ltr'><strong>praemia</strong></span> <span class='ocrx_word' id='word_1_124' title='bbox 476 1449 505 1506; x_wconf 93' lang='lat' dir='ltr'><strong>in</strong></span> <span class='ocrx_word' id='word_1_125' title='bbox 526 1456 676 1524; x_wconf 87' lang='lat' dir='ltr'><strong>posterum</strong></span> <span class='ocrx_word' id='word_1_126' title='bbox 696 1450 800 1508; x_wconf 83' lang='lat' dir='ltr'><strong>sanxit.</strong></span> <span class='ocrx_word' id='word_1_127' title='bbox 830 1449 990 1509; x_wconf 80' lang='lat' dir='ltr'><strong>Maiestatis</strong></span> <span class='ocrx_word' id='word_1_128' title='bbox 1011 1467 1127 1528; x_wconf 91' lang='lat' dir='ltr'><strong>quoque</strong></span> 
     </span>
     <span class='ocr_line' id='line_1_16' title="bbox 167 1528 1108 1610; baseline 0.004 -22"><span class='ocrx_word' id='word_1_129' title='bbox 167 1528 372 1588; x_wconf 82' lang='lat' dir='ltr'><strong>adulteriorum</strong></span> <span class='ocrx_word' id='word_1_130' title='bbox 393 1530 556 1608; x_wconf 84' lang='lat' dir='ltr'><strong>incestique</strong></span> <span class='ocrx_word' id='word_1_131' title='bbox 577 1549 641 1590; x_wconf 91' lang='lat' dir='ltr'><strong>cum</strong></span> <span class='ocrx_word' id='word_1_132' title='bbox 660 1550 765 1592; x_wconf 88' lang='lat' dir='ltr'><strong>sorore</strong></span> <span class='ocrx_word' id='word_1_133' title='bbox 778 1532 890 1610; x_wconf 81' lang='lat' dir='ltr'><strong>Lepida</strong></span> <span class='ocrx_word' id='word_1_134' title='bbox 909 1531 963 1591; x_wconf 87' lang='lat' dir='ltr'><strong>sub</strong></span> <span class='ocrx_word' id='word_1_135' title='bbox 980 1551 1108 1593; x_wconf 82' lang='lat' dir='ltr'><strong>excessu</strong></span> 
     </span>
     <span class='ocr_line' id='line_1_17' title="bbox 167 1611 1137 1694; baseline 0.006 -24"><span class='ocrx_word' id='word_1_136' title='bbox 167 1611 230 1670; x_wconf 93' lang='lat' dir='ltr'><strong>beri</strong></span> <span class='ocrx_word' id='word_1_137' title='bbox 252 1631 335 1688; x_wconf 90' lang='lat' dir='ltr'><strong>reus,</strong></span> <span class='ocrx_word' id='word_1_138' title='bbox 368 1615 525 1673; x_wconf 86' lang='lat' dir='ltr'><strong>mutatione</strong></span> <span class='ocrx_word' id='word_1_139' title='bbox 554 1623 716 1692; x_wconf 91' lang='lat' dir='ltr'><strong>temporum</strong></span> <span class='ocrx_word' id='word_1_140' title='bbox 739 1617 832 1675; x_wconf 88' lang='lat' dir='ltr'><strong>evasit</strong></span> <span class='ocrx_word' id='word_1_141' title='bbox 856 1616 1045 1694; x_wconf 82' lang='lat' dir='ltr'><strong>decessitque</strong></span> <span class='ocrx_word' id='word_1_142' title='bbox 1067 1616 1137 1690; x_wconf 68' lang='lat' dir='ltr'><strong>Pyrv</strong></span> 
     </span>
     <span class='ocr_line' id='line_1_18' title="bbox 167 1695 1140 1779; baseline 0.005 -26"><span class='ocrx_word' id='word_1_143' title='bbox 167 1695 269 1754; x_wconf 89' lang='lat' dir='ltr'><strong>morbo</strong></span> <span class='ocrx_word' id='word_1_144' title='bbox 285 1713 377 1774; x_wconf 91' lang='lat' dir='ltr'><strong>aquae</strong></span> <span class='ocrx_word' id='word_1_145' title='bbox 394 1698 559 1774; x_wconf 82' lang='lat' dir='ltr'><strong>intercutis,</strong></span> <span class='ocrx_word' id='word_1_146' title='bbox 585 1698 699 1758; x_wconf 88' lang='lat' dir='ltr'><strong>sublato</strong></span> <span class='ocrx_word' id='word_1_147' title='bbox 722 1698 782 1759; x_wconf 84' lang='lat' dir='ltr'><strong>titio</strong></span> <span class='ocrx_word' id='word_1_148' title='bbox 803 1698 922 1770; x_wconf 88' lang='lat' dir='ltr'><strong>Nerone</strong></span> <span class='ocrx_word' id='word_1_149' title='bbox 941 1718 980 1759; x_wconf 82' lang='lat' dir='ltr'><strong>ex</strong></span> <span class='ocrx_word' id='word_1_150' title='bbox 995 1699 1140 1779; x_wconf 82' lang='lat' dir='ltr'><strong>Angppin</strong></span> 
     </span>
     <span class='ocr_line' id='line_1_19' title="bbox 169 1778 460 1856; baseline 0 -17"><span class='ocrx_word' id='word_1_151' title='bbox 169 1778 340 1840; x_wconf 86' lang='lat' dir='ltr'><strong>Germanico</strong></span> <span class='ocrx_word' id='word_1_152' title='bbox 353 1781 460 1856; x_wconf 88' lang='lat' dir='ltr'><strong>genita.</strong></span> 
     </span>
    </p>

    <p class='ocr_par' dir='ltr' id='par_1_4' title="bbox 140 1862 1143 2862">
     <span class='ocr_line' id='line_1_20' title="bbox 140 1862 1136 1943; baseline 0.004 -21"><span class='ocrx_word' id='word_1_153' title='bbox 140 1877 157 1932; x_wconf 82' lang='lat'><strong>6</strong></span> <span class='ocrx_word' id='word_1_154' title='bbox 229 1862 310 1923; x_wconf 92' lang='lat' dir='ltr'><strong>Nero</strong></span> <span class='ocrx_word' id='word_1_155' title='bbox 325 1873 409 1924; x_wconf 87' lang='lat' dir='ltr'><strong>natus</strong></span> <span class='ocrx_word' id='word_1_156' title='bbox 425 1873 471 1922; x_wconf 91' lang='lat' dir='ltr'><strong>est</strong></span> <span class='ocrx_word' id='word_1_157' title='bbox 492 1864 560 1922; x_wconf 81' lang='lat' dir='ltr'><strong>Anti</strong></span> <span class='ocrx_word' id='word_1_158' title='bbox 582 1873 650 1942; x_wconf 94' lang='lat' dir='ltr'><strong>post</strong></span> <span class='ocrx_word' id='word_1_159' title='bbox 671 1863 755 1926; x_wconf 87' lang='lat' dir='ltr'>VIIII</span> <span class='ocrx_word' id='word_1_160' title='bbox 780 1883 909 1925; x_wconf 90' lang='lat' dir='ltr'><strong>mensem</strong></span> <span class='ocrx_word' id='word_1_161' title='bbox 931 1883 1016 1943; x_wconf 90' lang='lat' dir='ltr'><strong>quam</strong></span> <span class='ocrx_word' id='word_1_162' title='bbox 1038 1866 1136 1928; x_wconf 83' lang='lat' dir='ltr'><strong>Tiberi</strong></span> 
     </span>
     <span class='ocr_line' id='line_1_21' title="bbox 169 1946 1143 2029; baseline 0.003 -21"><span class='ocrx_word' id='word_1_163' title='bbox 169 1950 312 2024; x_wconf 74' lang='lat' dir='ltr'><strong>excessit,</strong></span> <span class='ocrx_word' id='word_1_164' title='bbox 330 1947 437 2008; x_wconf 90' lang='lat' dir='ltr'>XVIII.</span> <span class='ocrx_word' id='word_1_165' title='bbox 453 1947 499 2007; x_wconf 93' lang='lat' dir='ltr'>III.</span> <span class='ocrx_word' id='word_1_166' title='bbox 517 1946 577 2007; x_wconf 91' lang='lat' dir='ltr'><strong>Ian.</strong></span> <span class='ocrx_word' id='word_1_167' title='bbox 594 1957 701 2008; x_wconf 91' lang='lat' dir='ltr'><strong>tantum</strong></span> <span class='ocrx_word' id='word_1_168' title='bbox 718 1949 796 2025; x_wconf 95' lang='lat' dir='ltr'><strong>quod</strong></span> <span class='ocrx_word' id='word_1_169' title='bbox 811 1953 964 2010; x_wconf 86' lang='lat' dir='ltr'><strong>exoriente</strong></span> <span class='ocrx_word' id='word_1_170' title='bbox 979 1950 1062 2026; x_wconf 90' lang='lat' dir='ltr'><strong>sole,</strong></span> <span class='ocrx_word' id='word_1_171' title='bbox 1078 1969 1143 2029; x_wconf 88' lang='lat' dir='ltr'><strong>pac</strong></span> 
     </span>
     <span class='ocr_line' id='line_1_22' title="bbox 168 2031 1137 2111; baseline 0.004 -21"><span class='ocrx_word' id='word_1_172' title='bbox 168 2041 199 2091; x_wconf 94' lang='lat' dir='ltr'><strong>ut</strong></span> <span class='ocrx_word' id='word_1_173' title='bbox 223 2031 314 2092; x_wconf 87' lang='lat' dir='ltr'><strong>radiis</strong></span> <span class='ocrx_word' id='word_1_174' title='bbox 339 2034 419 2111; x_wconf 88' lang='lat' dir='ltr'><strong>prius</strong></span> <span class='ocrx_word' id='word_1_175' title='bbox 443 2050 527 2110; x_wconf 90' lang='lat' dir='ltr'><strong>quam</strong></span> <span class='ocrx_word' id='word_1_176' title='bbox 541 2041 620 2092; x_wconf 90' lang='lat' dir='ltr'><strong>terra</strong></span> <span class='ocrx_word' id='word_1_177' title='bbox 636 2033 863 2108; x_wconf 79' lang='lat' dir='ltr'><strong>contingeretur.</strong></span> <span class='ocrx_word' id='word_1_178' title='bbox 896 2031 941 2091; x_wconf 88' lang='lat' dir='ltr'><strong>De</strong></span> <span class='ocrx_word' id='word_1_179' title='bbox 956 2035 1093 2110; x_wconf 85' lang='lat' dir='ltr'><strong>genitura</strong></span> <span class='ocrx_word' id='word_1_180' title='bbox 1111 2037 1137 2094; x_wconf 89' lang='lat' dir='ltr'><strong>ei</strong></span> 
     </span>
     <span class='ocr_line' id='line_1_23' title="bbox 169 2115 1142 2195; baseline 0.002 -20"><span class='ocrx_word' id='word_1_181' title='bbox 169 2118 263 2176; x_wconf 90' lang='lat' dir='ltr'><strong>statim</strong></span> <span class='ocrx_word' id='word_1_182' title='bbox 285 2117 372 2175; x_wconf 90' lang='lat' dir='ltr'><strong>multa</strong></span> <span class='ocrx_word' id='word_1_183' title='bbox 389 2125 418 2176; x_wconf 88' lang='lat' dir='ltr'><strong>et</strong></span> <span class='ocrx_word' id='word_1_184' title='bbox 438 2115 630 2176; x_wconf 80' lang='lat' dir='ltr'><strong>formidolosa</strong></span> <span class='ocrx_word' id='word_1_185' title='bbox 646 2115 741 2174; x_wconf 89' lang='lat' dir='ltr'><strong>multis</strong></span> <span class='ocrx_word' id='word_1_186' title='bbox 759 2115 985 2193; x_wconf 87' lang='lat' dir='ltr'><strong>coiectantibus,</strong></span> <span class='ocrx_word' id='word_1_187' title='bbox 1013 2135 1142 2195; x_wconf 81' lang='lat' dir='ltr'><strong>praesag</strong></span> 
     </span>
     <span class='ocr_line' id='line_1_24' title="bbox 169 2198 1137 2279; baseline 0.003 -22"><span class='ocrx_word' id='word_1_188' title='bbox 169 2199 221 2257; x_wconf 88' lang='lat' dir='ltr'><strong>luit</strong></span> <span class='ocrx_word' id='word_1_189' title='bbox 237 2201 321 2259; x_wconf 90' lang='lat' dir='ltr'><strong>etiam</strong></span> <span class='ocrx_word' id='word_1_190' title='bbox 342 2198 459 2260; x_wconf 87' lang='lat' dir='ltr'><strong>Domitii</strong></span> <span class='ocrx_word' id='word_1_191' title='bbox 479 2201 570 2279; x_wconf 89' lang='lat' dir='ltr'><strong>patris</strong></span> <span class='ocrx_word' id='word_1_192' title='bbox 592 2217 667 2275; x_wconf 86' lang='lat' dir='ltr'><strong>vox,</strong></span> <span class='ocrx_word' id='word_1_193' title='bbox 689 2200 764 2258; x_wconf 90' lang='lat' dir='ltr'><strong>inter</strong></span> <span class='ocrx_word' id='word_1_194' title='bbox 784 2199 994 2275; x_wconf 87' lang='lat' dir='ltr'><strong>gratulationes</strong></span> <span class='ocrx_word' id='word_1_195' title='bbox 1016 2204 1137 2261; x_wconf 86' lang='lat' dir='ltr'><strong>amicor·</strong></span> 
     </span>
     <span class='ocr_line' id='line_1_25' title="bbox 167 2280 1131 2364; baseline 0.003 -22"><span class='ocrx_word' id='word_1_196' title='bbox 167 2283 310 2361; x_wconf 73' lang='lat' dir='ltr'><strong>negantis</strong></span> <span class='ocrx_word' id='word_1_197' title='bbox 329 2283 492 2364; x_wconf 81' lang='lat' dir='ltr'><strong>quicquam</strong></span> <span class='ocrx_word' id='word_1_198' title='bbox 511 2302 550 2343; x_wconf 78' lang='lat' dir='ltr'><strong>ec</strong></span> <span class='ocrx_word' id='word_1_199' title='bbox 565 2301 600 2343; x_wconf 84' lang='lat' dir='ltr'><strong>sc</strong></span> <span class='ocrx_word' id='word_1_200' title='bbox 621 2289 650 2342; x_wconf 89' lang='lat' dir='ltr'><strong>ct</strong></span> <span class='ocrx_word' id='word_1_201' title='bbox 662 2280 840 2362; x_wconf 76' lang='lat' dir='ltr'><strong>Agrippino</strong></span> <span class='ocrx_word' id='word_1_202' title='bbox 859 2282 934 2343; x_wconf 20' lang='lat' dir='ltr'><strong>nist,</strong></span> <span class='ocrx_word' id='word_1_203' title='bbox 945 2283 1131 2346; x_wconf 82' lang='lat' dir='ltr'><strong>detestabile</strong></span> 
     </span>
     <span class='ocr_line' id='line_1_26' title="bbox 168 2364 1143 2444; baseline 0.005 -21"><span class='ocrx_word' id='word_1_204' title='bbox 168 2366 252 2425; x_wconf 88' lang='lat' dir='ltr'><strong>molo</strong></span> <span class='ocrx_word' id='word_1_205' title='bbox 270 2364 398 2441; x_wconf 84' lang='lat' dir='ltr'><strong>publico</strong></span> <span class='ocrx_word' id='word_1_206' title='bbox 422 2367 514 2428; x_wconf 80' lang='lat' dir='ltr'><strong>nosci</strong></span> <span class='ocrx_word' id='word_1_207' title='bbox 525 2367 673 2444; x_wconf 78' lang='lat' dir='ltr'><strong>potuisse.</strong></span> <span class='ocrx_word' id='word_1_208' title='bbox 705 2365 842 2426; x_wconf 83' lang='lat' dir='ltr'><strong>Eiusdem</strong></span> <span class='ocrx_word' id='word_1_209' title='bbox 858 2367 971 2427; x_wconf 89' lang='lat' dir='ltr'><strong>iuturae</strong></span> <span class='ocrx_word' id='word_1_210' title='bbox 991 2368 1143 2428; x_wconf 83' lang='lat' dir='ltr'><strong>infelicita</strong></span> 
     </span>
     <span class='ocr_line' id='line_1_27' title="bbox 168 2448 1136 2527; baseline 0.009 -24"><span class='ocrx_word' id='word_1_211' title='bbox 168 2448 281 2522; x_wconf 89' lang='lat' dir='ltr'><strong>signum</strong></span> <span class='ocrx_word' id='word_1_212' title='bbox 297 2448 419 2508; x_wconf 82' lang='lat' dir='ltr'><strong>evidens</strong></span> <span class='ocrx_word' id='word_1_213' title='bbox 433 2451 479 2510; x_wconf 88' lang='lat' dir='ltr'><strong>die</strong></span> <span class='ocrx_word' id='word_1_214' title='bbox 495 2450 617 2511; x_wconf 90' lang='lat' dir='ltr'><strong>lustrico</strong></span> <span class='ocrx_word' id='word_1_215' title='bbox 634 2451 743 2518; x_wconf 77' lang='lat' dir='ltr'><strong>extitit3</strong></span> <span class='ocrx_word' id='word_1_216' title='bbox 765 2467 830 2510; x_wconf 87' lang='lat' dir='ltr'><strong>nam</strong></span> <span class='ocrx_word' id='word_1_217' title='bbox 847 2449 881 2510; x_wconf 81' lang='lat' dir='ltr'><strong>C.</strong></span> <span class='ocrx_word' id='word_1_218' title='bbox 899 2449 1026 2527; x_wconf 81' lang='lat' dir='ltr'><strong>Cacsar,</strong></span> <span class='ocrx_word' id='word_1_219' title='bbox 1048 2469 1084 2511; x_wconf 93' lang='lat' dir='ltr'><strong>ro</strong></span> <span class='ocrx_word' id='word_1_220' title='bbox 1114 2477 1136 2504; x_wconf 68' lang='grc' dir='ltr'><strong>ιι</strong></span> 
     </span>
     <span class='ocr_line' id='line_1_28' title="bbox 168 2531 1143 2611; baseline 0.008 -24"><span class='ocrx_word' id='word_1_221' title='bbox 168 2546 274 2589; x_wconf 92' lang='lat' dir='ltr'><strong>sorore</strong></span> <span class='ocrx_word' id='word_1_222' title='bbox 291 2539 321 2588; x_wconf 92' lang='lat' dir='ltr'><strong>ut</strong></span> <span class='ocrx_word' id='word_1_223' title='bbox 337 2531 438 2591; x_wconf 86' lang='lat' dir='ltr'><strong>infanti</strong></span> <span class='ocrx_word' id='word_1_224' title='bbox 455 2534 533 2611; x_wconf 94' lang='lat' dir='ltr'><strong>quod</strong></span> <span class='ocrx_word' id='word_1_225' title='bbox 550 2534 642 2593; x_wconf 87' lang='lat' dir='ltr'><strong>vellet</strong></span> <span class='ocrx_word' id='word_1_226' title='bbox 656 2551 762 2595; x_wconf 83' lang='lat' dir='ltr'><strong>nomen</strong></span> <span class='ocrx_word' id='word_1_227' title='bbox 776 2532 875 2610; x_wconf 88' lang='lat' dir='ltr'><strong>daret,</strong></span> <span class='ocrx_word' id='word_1_228' title='bbox 892 2536 1005 2594; x_wconf 88' lang='lat' dir='ltr'><strong>intuens</strong></span> <span class='ocrx_word' id='word_1_229' title='bbox 1023 2533 1143 2595; x_wconf 75' lang='lat' dir='ltr'><strong>clauum</strong></span> 
     </span>
     <span class='ocr_line' id='line_1_29' title="bbox 168 2616 1143 2696; baseline 0.004 -22"><span class='ocrx_word' id='word_1_230' title='bbox 168 2623 299 2693; x_wconf 92' lang='lat' dir='ltr'><strong>patruum</strong></span> <span class='ocrx_word' id='word_1_231' title='bbox 315 2632 411 2691; x_wconf 89' lang='lat' dir='ltr'><strong>suum,</strong></span> <span class='ocrx_word' id='word_1_232' title='bbox 427 2634 444 2675; x_wconf 89' lang='lat' dir='ltr'><strong>a</strong></span> <span class='ocrx_word' id='word_1_233' title='bbox 461 2634 517 2694; x_wconf 95' lang='lat' dir='ltr'><strong>quo</strong></span> <span class='ocrx_word' id='word_1_234' title='bbox 534 2634 603 2676; x_wconf 84' lang='lat' dir='ltr'><strong>mox</strong></span> <span class='ocrx_word' id='word_1_235' title='bbox 617 2619 751 2696; x_wconf 88' lang='lat' dir='ltr'><strong>priucipe</strong></span> <span class='ocrx_word' id='word_1_236' title='bbox 765 2616 846 2677; x_wconf 88' lang='lat' dir='ltr'><strong>Nero</strong></span> <span class='ocrx_word' id='word_1_237' title='bbox 860 2617 1015 2696; x_wconf 85' lang='lat' dir='ltr'><strong>adoptatus</strong></span> <span class='ocrx_word' id='word_1_238' title='bbox 1031 2627 1090 2694; x_wconf 93' lang='lat' dir='ltr'><strong>est,</strong></span> <span class='ocrx_word' id='word_1_239' title='bbox 1117 2647 1143 2666; x_wconf 63' lang='grc' dir='ltr'><em>υ</em></span> 
     </span>
     <span class='ocr_line' id='line_1_30' title="bbox 168 2698 1142 2780; baseline 0.004 -22"><span class='ocrx_word' id='word_1_240' title='bbox 168 2715 203 2758; x_wconf 86' lang='lat' dir='ltr'><strong>sc</strong></span> <span class='ocrx_word' id='word_1_241' title='bbox 218 2698 288 2758; x_wconf 85' lang='lat' dir='ltr'><strong>dixit</strong></span> <span class='ocrx_word' id='word_1_242' title='bbox 303 2698 397 2774; x_wconf 85' lang='lat' dir='ltr'><strong>darc,</strong></span> <span class='ocrx_word' id='word_1_243' title='bbox 415 2717 511 2776; x_wconf 88' lang='lat' dir='ltr'><strong>neque</strong></span> <span class='ocrx_word' id='word_1_244' title='bbox 525 2701 590 2777; x_wconf 88' lang='lat' dir='ltr'><strong>ipse</strong></span> <span class='ocrx_word' id='word_1_245' title='bbox 607 2703 684 2761; x_wconf 89' lang='lat' dir='ltr'><strong>serio</strong></span> <span class='ocrx_word' id='word_1_246' title='bbox 701 2701 753 2760; x_wconf 91' lang='lat' dir='ltr'><strong>sed</strong></span> <span class='ocrx_word' id='word_1_247' title='bbox 765 2720 820 2780; x_wconf 90' lang='lat' dir='ltr'><strong>per</strong></span> <span class='ocrx_word' id='word_1_248' title='bbox 830 2703 938 2778; x_wconf 91' lang='lat' dir='ltr'><strong>iocum,</strong></span> <span class='ocrx_word' id='word_1_249' title='bbox 954 2710 984 2760; x_wconf 92' lang='lat' dir='ltr'><strong>et</strong></span> <span class='ocrx_word' id='word_1_250' title='bbox 994 2718 1142 2780; x_wconf 89' lang='lat' dir='ltr'><strong>aspernan</strong></span> 
     </span>
     <span class='ocr_line' id='line_1_31' title="bbox 169 2782 1084 2862; baseline 0.001 -20"><span class='ocrx_word' id='word_1_251' title='bbox 169 2782 347 2860; x_wconf 80' lang='lat' dir='ltr'><strong>AgrippIna,</strong></span> <span class='ocrx_word' id='word_1_252' title='bbox 364 2783 442 2862; x_wconf 92' lang='lat' dir='ltr'><strong>qnod</strong></span> <span class='ocrx_word' id='word_1_253' title='bbox 456 2793 515 2843; x_wconf 91' lang='lat' dir='ltr'><strong>tum</strong></span> <span class='ocrx_word' id='word_1_254' title='bbox 533 2782 669 2845; x_wconf 78' lang='lat' dir='ltr'><strong>Claudius</strong></span> <span class='ocrx_word' id='word_1_255' title='bbox 684 2787 759 2844; x_wconf 90' lang='lat' dir='ltr'><strong>inter</strong></span> <span class='ocrx_word' id='word_1_256' title='bbox 774 2784 896 2846; x_wconf 91' lang='lat' dir='ltr'><strong>ludibria</strong></span> <span class='ocrx_word' id='word_1_257' title='bbox 912 2785 995 2845; x_wconf 90' lang='lat' dir='ltr'><strong>aulae</strong></span> <span class='ocrx_word' id='word_1_258' title='bbox 1012 2795 1084 2844; x_wconf 90' lang='lat' dir='ltr'><strong>erat.</strong></span> 
     </span>
    </p>

    <p class='ocr_par' dir='ltr' id='par_1_5' title="bbox 128 2866 1143 3367">
     <span class='ocr_line' id='line_1_32' title="bbox 128 2866 1143 2948; baseline -0.003 -23"><span class='ocrx_word' id='word_1_259' title='bbox 128 2882 130 2885; x_wconf 83' lang='lat'>·</span> <span class='ocrx_word' id='word_1_260' title='bbox 252 2866 395 2926; x_wconf 83' lang='lat' dir='ltr'><strong>Trimulus</strong></span> <span class='ocrx_word' id='word_1_261' title='bbox 412 2876 524 2946; x_wconf 89' lang='lat' dir='ltr'><strong>patrem</strong></span> <span class='ocrx_word' id='word_1_262' title='bbox 542 2870 649 2938; x_wconf 90' lang='lat' dir='ltr'><strong>amisit;</strong></span> <span class='ocrx_word' id='word_1_263' title='bbox 666 2871 745 2928; x_wconf 87' lang='lat' dir='ltr'><strong>cuius</strong></span> <span class='ocrx_word' id='word_1_264' title='bbox 761 2878 897 2948; x_wconf 86' lang='lat' dir='ltr'><strong>exparte</strong></span> <span class='ocrx_word' id='word_1_265' title='bbox 914 2870 999 2929; x_wconf 91' lang='lat' dir='ltr'><strong>tertia</strong></span> <span class='ocrx_word' id='word_1_266' title='bbox 1013 2867 1117 2946; x_wconf 81' lang='lat' dir='ltr'><strong>heres,</strong></span> <span class='ocrx_word' id='word_1_267' title='bbox 1141 2899 1143 2922; x_wconf 86' lang='lat' dir='ltr'><strong>t</strong></span> 
     </span>
     <span class='ocr_line' id='line_1_33' title="bbox 168 2950 1137 3030; baseline 0.001 -19"><span class='ocrx_word' id='word_1_268' title='bbox 168 2950 242 3012; x_wconf 90' lang='lat' dir='ltr'><strong>hanc</strong></span> <span class='ocrx_word' id='word_1_269' title='bbox 258 2951 372 3030; x_wconf 90' lang='lat' dir='ltr'><strong>quidem</strong></span> <span class='ocrx_word' id='word_1_270' title='bbox 389 2953 532 3030; x_wconf 86' lang='lat' dir='ltr'><strong>integram</strong></span> <span class='ocrx_word' id='word_1_271' title='bbox 546 2954 640 3030; x_wconf 88' lang='lat' dir='ltr'><strong>cepit,</strong></span> <span class='ocrx_word' id='word_1_272' title='bbox 657 2954 801 3030; x_wconf 87' lang='lat' dir='ltr'><strong>correptis</strong></span> <span class='ocrx_word' id='word_1_273' title='bbox 815 2971 870 3030; x_wconf 92' lang='lat' dir='ltr'><strong>per</strong></span> <span class='ocrx_word' id='word_1_274' title='bbox 880 2951 1054 3014; x_wconf 90' lang='lat' dir='ltr'><strong>coheredem</strong></span> <span class='ocrx_word' id='word_1_275' title='bbox 1071 2953 1137 3012; x_wconf 86' lang='lat' dir='ltr'><strong>Gai</strong></span> 
     </span>
     <span class='ocr_line' id='line_1_34' title="bbox 168 3035 1143 3114; baseline 0.001 -19"><span class='ocrx_word' id='word_1_276' title='bbox 168 3037 312 3096; x_wconf 84' lang='lat' dir='ltr'><strong>uniuersis</strong></span> <span class='ocrx_word' id='word_1_277' title='bbox 332 3035 427 3096; x_wconf 87' lang='lat' dir='ltr'><strong>bonis.</strong></span> <span class='ocrx_word' id='word_1_278' title='bbox 459 3036 497 3097; x_wconf 86' lang='lat' dir='ltr'><strong>Et</strong></span> <span class='ocrx_word' id='word_1_279' title='bbox 526 3035 648 3096; x_wconf 90' lang='lat' dir='ltr'><strong>subinde</strong></span> <span class='ocrx_word' id='word_1_280' title='bbox 669 3046 761 3096; x_wconf 89' lang='lat' dir='ltr'><strong>matre</strong></span> <span class='ocrx_word' id='word_1_281' title='bbox 786 3039 872 3096; x_wconf 88' lang='lat' dir='ltr'><strong>etiam</strong></span> <span class='ocrx_word' id='word_1_282' title='bbox 895 3037 1044 3113; x_wconf 88' lang='lat' dir='ltr'><strong>relegata,</strong></span> <span class='ocrx_word' id='word_1_283' title='bbox 1074 3054 1143 3114; x_wconf 89' lang='lat' dir='ltr'><strong>pae</strong></span> 
     </span>
     <span class='ocr_line' id='line_1_35' title="bbox 168 3118 1128 3199; baseline -0.002 -23"><span class='ocrx_word' id='word_1_284' title='bbox 168 3118 255 3196; x_wconf 87' lang='lat' dir='ltr'><strong>inops</strong></span> <span class='ocrx_word' id='word_1_285' title='bbox 271 3129 357 3198; x_wconf 92' lang='lat' dir='ltr'><strong>atque</strong></span> <span class='ocrx_word' id='word_1_286' title='bbox 373 3139 467 3196; x_wconf 88' lang='lat' dir='ltr'><strong>egens</strong></span> <span class='ocrx_word' id='word_1_287' title='bbox 488 3121 565 3199; x_wconf 91' lang='lat' dir='ltr'><strong>apud</strong></span> <span class='ocrx_word' id='word_1_288' title='bbox 588 3121 700 3180; x_wconf 88' lang='lat' dir='ltr'><strong>amitam</strong></span> <span class='ocrx_word' id='word_1_289' title='bbox 721 3119 859 3198; x_wconf 82' lang='lat' dir='ltr'><strong>lepidam</strong></span> <span class='ocrx_word' id='word_1_290' title='bbox 883 3121 1004 3181; x_wconf 90' lang='lat' dir='ltr'><strong>nutritus</strong></span> <span class='ocrx_word' id='word_1_291' title='bbox 1024 3128 1084 3196; x_wconf 89' lang='lat' dir='ltr'><strong>cst,</strong></span> <span class='ocrx_word' id='word_1_292' title='bbox 1122 3148 1128 3174; x_wconf 86' lang='grc'>;</span> 
     </span>
     <span class='ocr_line' id='line_1_36' title="bbox 168 3201 1141 3282; baseline 0.004 -22"><span class='ocrx_word' id='word_1_293' title='bbox 168 3201 281 3262; x_wconf 90' lang='lat' dir='ltr'><strong>duobus</strong></span> <span class='ocrx_word' id='word_1_294' title='bbox 297 3203 479 3282; x_wconf 86' lang='lat' dir='ltr'><strong>paedagogis</strong></span> <span class='ocrx_word' id='word_1_295' title='bbox 496 3204 634 3264; x_wconf 87' lang='lat' dir='ltr'><strong>saltatore</strong></span> <span class='ocrx_word' id='word_1_296' title='bbox 652 3213 738 3282; x_wconf 92' lang='lat' dir='ltr'><strong>atque</strong></span> <span class='ocrx_word' id='word_1_297' title='bbox 760 3213 889 3265; x_wconf 88' lang='lat' dir='ltr'><strong>tonsore.</strong></span> <span class='ocrx_word' id='word_1_298' title='bbox 917 3205 1026 3264; x_wconf 86' lang='lat' dir='ltr'><strong>Verum</strong></span> <span class='ocrx_word' id='word_1_299' title='bbox 1048 3201 1141 3264; x_wconf 80' lang='lat' dir='ltr'><strong>Clau</strong></span> 
     </span>
     <span class='ocr_line' id='line_1_37' title="bbox 167 3285 1143 3367; baseline 0.001 -26"><span class='ocrx_word' id='word_1_300' title='bbox 167 3285 317 3361; x_wconf 89' lang='lat' dir='ltr'><strong>imperium</strong></span> <span class='ocrx_word' id='word_1_301' title='bbox 333 3287 454 3366; x_wconf 86' lang='lat' dir='ltr'><strong>adepto,</strong></span> <span class='ocrx_word' id='word_1_302' title='bbox 472 3306 531 3348; x_wconf 92' lang='lat' dir='ltr'><strong>non</strong></span> <span class='ocrx_word' id='word_1_303' title='bbox 546 3288 638 3348; x_wconf 90' lang='lat' dir='ltr'><strong>solum</strong></span> <span class='ocrx_word' id='word_1_304' title='bbox 653 3298 789 3367; x_wconf 87' lang='lat' dir='ltr'><strong>paternas</strong></span> <span class='ocrx_word' id='word_1_305' title='bbox 806 3305 880 3367; x_wconf 89' lang='lat' dir='ltr'><strong>opes</strong></span> <span class='ocrx_word' id='word_1_306' title='bbox 895 3287 1088 3367; x_wconf 81' lang='lat' dir='ltr'><strong>repreratit,</strong></span> <span class='ocrx_word' id='word_1_307' title='bbox 1122 3314 1143 3342; x_wconf 80' lang='grc'><strong>;.</strong></span> 
     </span>
    </p>
   </div>
   <div class='ocr_carea' id='block_1_3' title="bbox 167 3365 1143 3534">
    <p class='ocr_par' dir='ltr' id='par_1_6' title="bbox 167 3365 1143 3534">
     <span class='ocr_line' id='line_1_38' title="bbox 168 3365 1143 3447; baseline 0.009 -24"><span class='ocrx_word' id='word_1_308' title='bbox 168 3373 197 3423; x_wconf 90' lang='lat' dir='ltr'><strong>et</strong></span> <span class='ocrx_word' id='word_1_309' title='bbox 219 3365 315 3447; x_wconf 82' lang='lat' dir='ltr'><strong>Crispi</strong></span> <span class='ocrx_word' id='word_1_310' title='bbox 342 3370 472 3443; x_wconf 80' lang='lat' dir='ltr'><strong>PassIeni</strong></span> <span class='ocrx_word' id='word_1_311' title='bbox 495 3373 589 3431; x_wconf 88' lang='lat' dir='ltr'><strong>vitrici</strong></span> <span class='ocrx_word' id='word_1_312' title='bbox 611 3373 654 3430; x_wconf 88' lang='lat' dir='ltr'><strong>sui</strong></span> <span class='ocrx_word' id='word_1_313' title='bbox 679 3371 840 3431; x_wconf 89' lang='lat' dir='ltr'><strong>hereditate</strong></span> <span class='ocrx_word' id='word_1_314' title='bbox 862 3371 966 3432; x_wconf 88' lang='lat' dir='ltr'><strong>ditatus</strong></span> <span class='ocrx_word' id='word_1_315' title='bbox 987 3380 1042 3430; x_wconf 86' lang='lat' dir='ltr'><strong>est.</strong></span> <span class='ocrx_word' id='word_1_316' title='bbox 1070 3371 1143 3432; x_wconf 86' lang='lat' dir='ltr'><strong>Gra</strong></span> 
     </span>
     <span class='ocr_line' id='line_1_39' title="bbox 167 3447 1143 3534; baseline -0.001 -19"><span class='ocrx_word' id='word_1_317' title='bbox 167 3447 280 3514; x_wconf 69' lang='lat' dir='ltr'><strong>crudem</strong></span> <span class='ocrx_word' id='word_1_318' title='bbox 299 3461 326 3506; x_wconf 72' lang='lat' dir='ltr'><strong>et</strong></span> <span class='ocrx_word' id='word_1_319' title='bbox 362 3456 479 3506; x_wconf 61' lang='lat' dir='ltr'><strong>interitio</strong></span> <span class='ocrx_word' id='word_1_320' title='bbox 501 3463 659 3502; x_wconf 58' lang='grc' dir='ltr'><strong>νον-νων</strong></span> <span class='ocrx_word' id='word_1_321' title='bbox 679 3455 888 3530; x_wconf 65' lang='lat' dir='ltr'><strong>*caducaeque</strong></span> <span class='ocrx_word' id='word_1_322' title='bbox 904 3457 1003 3516; x_wconf 90' lang='lat' dir='ltr'><strong>matris</strong></span> <span class='ocrx_word' id='word_1_323' title='bbox 1023 3473 1117 3534; x_wconf 87' lang='lat' dir='ltr'><strong>usque</strong></span> <span class='ocrx_word' id='word_1_324' title='bbox 1139 3482 1143 3506; x_wconf 48' lang='grc' dir='ltr'>ι</span> 
     </span>
    </p>
   </div>
   <div class='ocr_carea' id='block_1_4' title="bbox 0 0 1148 3944">
    <p class='ocr_par' dir='ltr' id='par_1_7' title="bbox 0 0 1148 3944">
     <span class='ocr_line' id='line_1_40' title="bbox 0 0 1148 3944; baseline 0 0"><span class='ocrx_word' id='word_1_325' title='bbox 0 0 1148 3944; x_wconf 95' lang='lat' dir='ltr'><strong> </strong></span> 
     </span>
    </p>
   </div>
  </div>
 </body>
</html>
