2286 3944
408 226 456 273 nn
474 226 723 274 uanuunmom.
1007 215 1068 276 265

84 382 142 444 dne
163 381 311 459 Pasicles,
335 399 404 442 mox
423 381 546 442 Pansam
569 400 601 441 se
625 383 868 443 transnomiuavit.
908 383 964 444 llic
988 386 1068 446 initio

84 467 145 529 inca
157 484 275 526 scenam
287 475 420 526 versatus
431 473 492 541 est,
508 465 573 524 dum
589 466 806 544 mimographus
822 467 948 538 adiuvat3
967 468 1070 530 deiude

84 550 232 630 spergula
255 549 367 627 docuit,
396 549 491 613 donee
513 552 716 609 commentario
736 550 876 626 Zmyrnae
899 551 976 612 edito
997 552 1071 614 adeo

84 635 216 711 relarnit,
233 643 263 694 ut
278 633 352 694 hacc
368 633 404 693 de
420 649 457 692 eo
473 632 683 692 scriberentur:

226 723 279 778 Uni
292 723 427 781 Oretana
441 721 596 777 accredere
610 720 733 793 Zmyrna
742 723 884 794 probavit.-

283 806 403 862 Deor‘m'te
417 805 520 860 indocti
538 806 660 877 coningio
673 804 747 861 banc
756 812 867 877 peteret

221 887 280 944 Soli
290 890 426 946 Ornssicio
442 903 472 944 se
485 888 557 944 drmit
569 888 672 943 nubere
686 890 763 960 velte,

279 973 381 1029 Intima
398 973 508 1028 euirati
519 976 583 1028 nom
597 987 650 1028 sno
665 975 812 1028 extiterint.

84 1051 128 1114 led
143 1069 208 1113 cum
223 1051 363 1112 edoceret
377 1053 432 1113 iarn
453 1051 558 1111 multos
573 1069 608 1110 ac
623 1051 748 1129 nobiles,
767 1054 796 1111 in
811 1052 846 1111 iis
864 1050 965 1111 lulium
982 1050 1072 1112 Anto·

84 1137 159 1214 ium,
177 1136 314 1196 triumviri
332 1136 434 1212 lilium,
456 1143 486 1194 ut
501 1134 606 1195 Verrio
623 1152 739 1214 quoque
754 1135 864 1210 Flacco
887 1152 1071 1213 comparare-

84 1238 128 1298 nr,
144 1219 262 1280 dimissa
276 1229 398 1298 repente
421 1217 537 1296 schola,
560 1221 672 1278 transiit
693 1220 728 1280 ad
746 1220 782 1295 Q.
804 1220 886 1279 Sexti
906 1218 1073 1298 philosophi

84 1312 188 1366 cctam.

132 1385 302 1447 Scribonius
319 1386 527 1466 Aphrodisius,
552 1385 652 1446 Orbilii
674 1405 776 1447 servus
798 1395 883 1466 atque
904 1386 1073 1464 discipulus,
1084 1397 1118 1452 19

84 1489 139 1534 uox
152 1490 170 1533 a
183 1469 336 1531 Scribonia
349 1471 466 1530 libonis
480 1470 550 1547 filia,
567 1488 641 1547 quae
657 1473 736 1549 prior
750 1470 873 1548 Augusti
885 1487 959 1530 uxor
972 1470 1075 1548 luerat,

84 1554 239 1633 ademptus
251 1562 280 1613 et
293 1556 500 1631 manumissus,
519 1554 616 1613 docuit
631 1571 687 1634 quo
699 1555 819 1615 Verrius
832 1563 979 1633 tempore,
995 1555 1074 1614 cuius

84 1641 155 1701 tiam
167 1637 249 1698 libris
264 1636 304 1697 dc
320 1638 599 1716 orthographia
615 1639 782 1718 rescripsit,
801 1656 858 1698 nou
872 1639 935 1698 sine
951 1641 1074 1698 insecta·

84 1725 149 1784 ione
165 1720 323 1781 studiorum
336 1740 505 1801 morumque
521 1723 593 1781 eius.
781 1768 782 1772 ,

135 1803 169 1867 0.
192 1804 282 1864 lulius
301 1805 448 1884 Hyginus,
477 1806 601 1882 Augusti
622 1805 760 1882 libertus,
786 1807 902 1866 natione
919 1805 1118 1883 llispanns,20

84 1887 219 1971 [nonnulli
234 1888 459 1950 Alexandrinum
476 1897 575 1968 putant
597 1898 626 1948 ει
641 1908 657 1950 a
674 1887 800 1949 Caesare
821 1907 941 1968 puerum
956 1889 1083 1954 Romam¹

84 1973 225 2036 dductum
239 1972 417 2034 Alexandria
433 1972 532 2053 capta)
550 1973 678 2032 studiose
701 1982 730 2032 et
747 1971 835 2032 audiit
848 1981 878 2032 et
891 1973 1015 2031 imitatus
1032 1979 1077 2030 cst

84 2056 239 2119 lornelinm
250 2055 448 2127 Alexandrum
459 2059 675 2134 grammaticum
688 2056 843 2133 Graecum,
859 2073 944 2133 quem
955 2063 1077 2133 propter

84 2141 246 2220 miquitatis
259 2142 385 2202 notitiam
398 2140 611 2216 Polybistorem
623 2140 717 2216 multi,
732 2139 845 2218 quidam
856 2139 1011 2200 Historiam
1026 2156 1076 2199 vo·

84 2225 185 2287 abant.
225 2223 352 2285 Praeiuit
366 2224 513 2285 Palatinae
532 2223 744 2299 bibliothecae,
764 2241 819 2283 nec
842 2241 878 2283 eo
898 2224 994 2282 secius
1015 2221 1076 2300 plu·

84 2310 159 2369 lmos
175 2306 286 2378 docuit;
302 2308 412 2387 luitque
428 2307 668 2368 familiarissimus·
680 2306 783 2367 Ouidio
800 2316 907 2386 poetae
929 2315 958 2366 ει
974 2305 1077 2366 Clodio

84 2393 172 2456 ricino
188 2391 350 2468 consulari,
374 2392 528 2468 historico,
545 2394 670 2469 quicum
687 2390 838 2451 admodum
854 2408 1012 2470 pauperem
1029 2389 1077 2450 de·

84 2475 204 2539 essisse
219 2474 305 2536 tradit
320 2485 349 2536 et
364 2475 537 2535 liberalitate
552 2493 619 2551 sua,
638 2474 733 2554 quoad
745 2476 864 2553 vixerit,
881 2483 1077 2535 sustentatum.

84 2560 163 2623 luins
180 2557 301 2619 libertus
315 2559 368 2620 luit
388 2559 476 2619 lulius
491 2559 656 2636 lllodestus,
677 2561 706 2618 in
726 2559 825 2620 studiis
846 2568 932 2638 atque
947 2558 1078 2619 doctrina

84 2643 200 2721 ’astigia
216 2645 330 2722 patroni
345 2652 472 2704 secutus.

136 2725 172 2786 (l.
186 2726 336 2805 lllelissus,
355 2727 469 2807 Spoleti
489 2725 571 2787 natus
592 2728 752 2804 ingenuus,
775 2727 827 2786 sed
848 2726 885 2786 ob
905 2725 1117 2786 discordiamtl

84 2819 226 2874 arentum
244 2813 411 2889 expositus,
438 2829 505 2870 cura
527 2820 556 2870 et
572 2809 710 2870 industria
731 2810 895 2870 educatoris
916 2811 960 2868 sui
976 2810 1078 2868 altiora

84 2895 165 2957 tudia
182 2896 332 2974 percepit,
356 2913 391 2955 ac
408 2895 570 2955 Maecenati
589 2911 642 2973 pro
657 2896 844 2970 grammatico
864 2895 974 2952 muneri
996 2891 1077 2950 datus

84 2989 125 3040 st.
159 2976 213 3038 cut
230 2996 293 3038 cnm
308 2997 342 3039 se
356 2988 468 3056 gratum
483 2988 512 3038 et
528 2986 678 3056 acceptum
694 2980 722 3036 in
733 2977 847 3037 modurn
859 2977 941 3036 amici
956 2975 1077 3051 videret,

84 3079 238 3141 nunquam
258 3071 409 3122 asserente
432 3071 539 3139 matre,
564 3063 719 3140 permansit
734 3071 827 3122 tamen
845 3061 873 3118 in
893 3067 966 3118 statu
987 3057 1076 3118 servi·

84 3150 138 3210 rtis
168 3154 411 3225 praesentemque
434 3145 634 3206 condicionem
652 3162 740 3204 verae
767 3145 870 3220 origini
896 3142 1075 3222 anteposuit;

84 3247 164 3294 nare
181 3231 240 3290 cito
259 3231 462 3306 manumissus,
484 3229 616 3306 Augusto
639 3231 723 3288 etiam
743 3228 899 3287 insinuatus
921 3235 974 3285 est.
1012 3226 1076 3299 Quo

84 3316 245 3392 elegante,
274 3331 369 3375 curam
391 3313 608 3374 ordinandarum
630 3312 869 3372 bibliothecarum
888 3313 917 3369 in
939 3309 1077 3370 Octaviae

84 3401 190 3462 orticu
208 3400 347 3476 suscepit.
374 3397 487 3476 Atque,
504 3398 609 3476 utipse
623 3396 723 3473 tradit,
745 3396 957 3473 sexagesimum
976 3393 1078 3454 aetatis

84 3499 178 3546 unum
202 3498 310 3559 agens,
332 3480 451 3541 libellos
473 3480 717 3561 ineptiarum,
739 3481 787 3560 qui
815 3497 890 3539 nunc
912 3477 1079 3538 loeorurn
