2286 3944
179 181 219 240 52
274 191 304 240 c.
321 191 471 240 sosuonr
486 191 613 249 annno.
630 191 677 236 ou
693 190 776 236 vrrs
793 188 977 237 cuussnonr
993 191 1061 238 urs.
1079 192 1116 239 11.

177 346 308 407 Arimino
324 355 407 406 tenus
423 343 591 422 munienda,
607 344 736 422 reliquas
751 343 970 422 triumphalibus
990 346 1059 404 viris
1074 364 1111 404 err
1128 365 1135 402 r

177 430 283 490 nubiali
299 432 424 509 pecunia
439 428 611 489 sternendas
627 426 779 487 distribuit.

240 513 339 574 Aedes
355 531 454 574 sacras
471 521 616 572 vetustate
633 512 788 590 conlapsas
803 520 853 571 aut
864 512 1000 571 incendio
1018 513 1134 592 absump

143 649 148 658 .
176 599 282 659 reiecit
300 616 409 676 easque
432 606 461 656 et
484 605 598 656 ceteras
618 596 846 674 opulentissimis
868 596 951 656 donis
966 596 1134 674 adornavit,

177 685 268 762 quiin
284 682 389 742 cellam
404 679 560 760 Capitolini
575 680 653 741 lovis
674 679 803 740 sedecim
816 681 894 740 milia
909 680 1007 759 pondo
1029 684 1089 740 auri
1106 701 1134 759 gt

176 785 295 844 masque
323 784 358 826 ac
385 767 555 842 margaritas
583 766 765 843 quingenties
791 767 918 824 sestertii
946 783 1001 824 una
1027 765 1134 826 donati

134 873 167 926 31
178 851 342 911 contulerit.
395 850 554 927 Postquam
581 866 652 908 vero
679 849 876 926 pontificatum
900 849 1067 926 maximum,
1102 870 1134 929 qo

177 952 328 1015 numquam
347 936 416 994 vivo
436 933 548 1011 Lepido
575 932 690 992 auferre
713 934 904 1010 sustinuerat,
933 943 1046 992 mortuo
1074 934 1134 993 dem

178 1021 322 1099 suscepit,
340 1017 475 1097 quidquid
492 1016 675 1077 fatidicorum
689 1016 828 1076 librorum
844 1016 950 1077 Graeci
967 1016 1119 1096 Latinique

177 1105 255 1164 neris
279 1102 365 1162 nullis
389 1101 436 1161 vel
456 1119 556 1179 parum
581 1099 694 1160 idoneis
720 1100 887 1160 auctoribus
913 1100 1003 1177 vulgo
1025 1103 1134 1161 fereba

178 1186 333 1266 supra-duo
349 1185 426 1245 milia
443 1194 592 1244 contracta
607 1183 732 1262 undique
747 1186 886 1244 cremavit
906 1203 940 1244 ac
964 1186 1045 1245 solos
1069 1190 1134 1245 retir

178 1271 354 1347 Sibyllinos,
379 1267 435 1329 bos
457 1286 572 1347 quoque
595 1267 702 1327 dilectu
723 1268 837 1338 babito;
862 1267 1049 1348 condiditque
1073 1271 1129 1330 duo

176 1355 277 1415 forulis
301 1353 406 1414 auratis
432 1352 485 1412 sub
505 1352 627 1412 Palatini
652 1352 800 1431 Apollinis
824 1352 897 1413 basi.
936 1352 1050 1412 Annum
1073 1373 1089 1413 a
1109 1354 1134 1413 D

174 1438 247 1498 lulio
271 1437 445 1514 ordinatum,
468 1436 520 1496 sed
543 1444 647 1514 postea
669 1436 859 1514 neglegentia
881 1437 1082 1497 conturbatum
1098 1449 1134 1498 att

175 1522 342 1598 confusum,
359 1539 459 1580 rursus
475 1521 510 1580 ad
527 1522 677 1599 pristinam
689 1523 832 1581 rationem
848 1520 979 1597 redegit;
997 1523 1025 1579 in
1042 1524 1123 1581 cuius

175 1605 320 1666 dinatione
347 1605 488 1664 Sextilem
512 1623 641 1664 mensem
669 1623 685 1664 e
715 1622 767 1664 suo
795 1608 969 1682 cognomine
998 1625 1134 1684 nuncupa

174 1690 267 1766 magis
289 1707 373 1767 quam
394 1689 597 1768 Septembrem
620 1707 676 1767 quo
700 1699 762 1749 erat
783 1698 882 1766 natus,
906 1689 983 1767 quod
1004 1689 1061 1748 hoc
1085 1691 1134 1749 sibi

175 1775 283 1854 primus
303 1771 470 1833 consulatus
494 1783 523 1832 et
544 1775 675 1850 insignes
696 1775 838 1832 victoriae
860 1775 1045 1852 optigissent.
1081 1776 1134 1834 Sao

175 1858 272 1918 dotum
289 1865 318 1917 et
333 1875 480 1917 numerum
497 1867 526 1916 et
538 1858 706 1933 dignitatem
722 1856 774 1916 sed
790 1866 818 1916 et
831 1857 981 1916 commoda
994 1860 1082 1935 auxit,
1101 1878 1134 1936 pr

176 1944 261 2021 cipue
288 1941 449 2002 Vestalium
477 1943 630 2018 virginum.
677 1938 806 2020 Cumque
838 1943 867 2000 in
891 1940 1061 2002 demortuae
1088 1942 1134 2001 loc

176 2027 261 2088 aliam
284 2027 350 2105 capi
373 2034 539 2105 oporteret,
563 2025 760 2104 ambirentque
781 2025 861 2084 multi
882 2043 919 2084 ne
935 2025 1009 2085 filias
1023 2027 1052 2084 in
1076 2037 1134 2085 sort

176 2111 292 2187 darent,
314 2109 469 2188 adiuravit,
496 2111 520 2170 si
542 2111 706 2189 cuiusquam
723 2110 850 2188 neptium
874 2127 987 2169 suarum
1003 2119 1134 2188 compete

176 2205 275 2271 aetas,
292 2193 453 2255 oblaturum
468 2214 500 2254 se
515 2195 605 2254 luisse
622 2212 694 2254 earu.
727 2192 872 2253 Nonnulla
895 2193 981 2253 etiam
993 2211 1040 2252 *ex
1063 2196 1134 2272 antio

176 2280 350 2340 caerimonis
376 2279 512 2357 paulatim
537 2278 645 2338 abolita
669 2279 809 2355 restituit,
837 2285 867 2338 ut
888 2277 995 2338 Salutis
1022 2280 1134 2354 augurii

174 2363 257 2423 Diale
275 2361 436 2438 flaminium,
453 2379 566 2421 sacrum
579 2361 750 2440 Lupercale,
766 2361 851 2422 ludos
868 2361 1042 2421 Saeculares
1059 2371 1088 2420 et
1102 2361 1134 2421 Ct

175 2445 331 2525 pitalicios.
363 2444 572 2522 Lupercalibus
594 2447 685 2505 vetuit
706 2463 825 2506 currere
851 2444 1004 2521 inberbes,
1025 2445 1094 2504 item
1118 2448 1134 2504 S

175 2527 321 2588 cularibus
342 2527 415 2587 ludis
437 2531 558 2588 iuvenes
581 2531 730 2609 utriusque
754 2548 843 2590 sexus
865 2529 1012 2608 prouibuit
1027 2529 1118 2588 ullum

175 2621 306 2672 cturnum
321 2612 520 2690 spectaculum
534 2612 722 2691 frequentare
736 2614 792 2673 nisi
804 2631 868 2674 cum
882 2613 977 2692 aliquo
992 2614 1105 2672 maiore
1121 2633 1134 2672 n

175 2697 413 2777 propinquorum.
453 2695 631 2775 Compitales
652 2696 742 2758 Lares
766 2698 864 2758 ornari
885 2696 930 2757 bis
953 2715 1028 2757 anno
1053 2698 1134 2757 instit

175 2781 272 2841 vernis
288 2779 408 2839 floribus
426 2789 455 2840 et
468 2782 596 2841 aestivis.

240 2864 404 2924 Proximum
420 2883 436 2925 a
452 2864 495 2924 dis
513 2865 720 2926 immortalibus
740 2864 881 2925 bonorem
903 2865 1061 2925 memoriae
1084 2866 1134 2925 du(

175 2949 332 3029 praestitit,
351 2951 397 3027 qui
413 2950 562 3028 imperium
583 2949 614 3009 P.
634 2950 669 3010 R.
686 2968 724 3009 ex
741 2949 856 3009 minimo
872 2949 1025 3009 maximum
1046 2950 1131 3009 reddi

175 3041 251 3093 sent.
282 3030 383 3111 Itaque
399 3042 428 3093 et
443 3051 535 3112 opera
551 3035 689 3113 cuiusque
704 3032 884 3094 manentibus
905 3032 994 3092 titulis
1010 3036 1134 3094 restituit

175 3125 286 3177 statuas
308 3119 431 3176 omnium
449 3119 612 3198 triumphali
628 3118 728 3195 effigie
744 3118 773 3176 in
790 3127 911 3197 utraque
928 3117 986 3178 iori
1010 3119 1053 3177 sui
1072 3137 1130 3197 por

175 3198 336 3278 dedicavit,
360 3202 512 3282 professus
535 3203 631 3263 edicto
655 3208 852 3262 commentum
871 3200 906 3262 id
927 3218 978 3275 sc,
996 3207 1031 3262 ct
1051 3202 1097 3263 cd
1118 3205 1134 3262 i

173 3300 243 3342 rum
265 3284 348 3346 celct
372 3287 534 3366 csemplor
560 3296 589 3347 et
608 3288 691 3364 ipse,
721 3285 948 3361 decumberet,
973 3291 1003 3346 et
1025 3304 1134 3366 coseqc

175 3365 248 3428 tium
276 3372 423 3431 aetatium
446 3372 606 3450 principes
632 3371 827 3450 reciperentur
854 3367 1025 3431 ccioc‘bcs.
1066 3370 1134 3431 Pom

176 3467 290 3530 quoque
316 3462 437 3516 statuam
465 3464 564 3516 contra
586 3454 690 3514 theatri
710 3454 772 3512 eius
794 3456 905 3530 regiam
927 3471 1093 3516 marmoreo
1117 3455 1134 3517 l
