2256 3930
105 242 165 305 120
194 255 224 302 c.
241 254 391 302 souoonr
409 253 537 313 onuno
552 254 600 300 on
617 254 701 301 vrrs
717 253 901 303 comessum
916 254 994 303 ms.
1011 256 1080 304 1111.

106 411 240 489 quentiae
271 409 480 487 doctrinaeque
509 427 619 486 genere
649 409 851 488 praecellens,
885 408 1116 471 benivolentiam

105 493 294 570 singularem,
313 492 572 570 conciliandaeque
587 493 731 553 bominum
744 495 857 570 gratiae
872 512 907 554 ac
925 495 1116 571 promerendi

106 578 213 637 amoris
228 578 328 636 mirum
344 585 372 635 et
388 577 495 637 efficax
510 576 641 637 studium.
678 576 803 638 Formae
817 579 911 636 minus
930 577 1116 655 congruebat

104 662 255 738 gracilitas
279 679 407 737 crurum,
430 660 483 720 sed
506 678 540 720 ea
564 679 680 739 quoque
704 660 840 740 paulatim
861 660 983 740 repleta
1000 662 1114 722 assidua

105 745 172 824 equi
194 746 360 806 vectatione
381 754 448 823 post
474 744 577 804 cibum.
622 744 744 805 Hostem
761 746 920 805 comminus
938 763 1039 824 saepe
1056 764 1124 826 per-t

105 831 203 890 cussit.
237 828 337 888 Oravit
354 846 456 889 causas
482 829 566 888 etiam
587 829 783 908 triumphalis;
806 838 892 907 atque
912 830 993 889 inter
1021 839 1112 890 oeten

104 913 263 974 studiorum
278 913 453 972 monimenta
469 912 588 991 reliquit
605 922 633 972 et
652 911 821 973 comoedias
840 911 985 974 Graecas.
1035 913 1111 974 Domi

103 998 232 1076 lorisque
257 997 368 1074 civilis,
395 996 487 1056 libera
513 1016 547 1057 ac
566 997 718 1057 foederata
740 996 847 1075 oppida
873 997 938 1057 sine
961 998 1109 1058 lictoribus

104 1080 209 1142 adibat.
244 1080 343 1140 Sicubi
366 1079 511 1140 clarorum
532 1082 660 1141 virorum
683 1079 820 1159 sepulcra
838 1093 1058 1160 cognosceret,
1078 1084 1108 1141 in·

103 1167 193 1225 ferias
218 1165 349 1224 blanibus
370 1163 464 1224 dabat.
497 1163 655 1225 (laesorum
680 1163 762 1224 clade
785 1165 913 1225 Variana
937 1174 1128 1228 veterescet

104 1250 252 1328 dispersas
269 1248 409 1326 reliquias
420 1266 476 1308 uno
494 1249 600 1308 tumulo
615 1248 790 1325 humaturus,
804 1248 952 1326 colligere
965 1268 1021 1311 sua
1034 1268 1108 1311 mann

104 1343 132 1394 et
150 1340 335 1410 comportare
356 1333 464 1410 primus
485 1332 644 1408 adgressus
662 1342 716 1392 est.
745 1331 1004 1394 Obtrectatoribus
1022 1336 1108 1407 etiam,

105 1417 330 1496 qualescumque
347 1424 376 1474 et
392 1425 620 1495 quantacumque
637 1416 673 1476 de
690 1435 777 1478 causa
791 1425 913 1476 nanctus
929 1426 1026 1496 esset,
1042 1419 1108 1479 lenis

104 1500 177 1561 adeo
194 1509 223 1558 et
239 1501 389 1575 innoxius,
405 1508 436 1559 ut
456 1499 553 1559 Pisoni
574 1500 692 1561 decreta
710 1520 761 1561 sua
779 1500 973 1580 rescindenti,
993 1502 1108 1563 cliente

103 1583 147 1644 las
163 1583 307 1642 divexanti
323 1600 381 1642 non
395 1585 474 1661 prius
487 1602 661 1644 suscensere
674 1586 702 1644 in
717 1587 839 1654 animum
852 1584 1016 1663 induxerit,
1032 1604 1108 1666 quam

104 1668 255 1727 veneficiis
270 1684 386 1745 quoque
402 1676 431 1727 et
449 1667 653 1727 devotionibus
669 1670 832 1748 impugnari
848 1687 881 1729 se
897 1672 1108 1749 comperissem

104 1772 138 1813 ao
161 1769 197 1810 ne
220 1759 287 1809 tuno
310 1749 423 1829 quidem
443 1751 518 1811 ultra
537 1769 728 1831 progressus,
753 1770 838 1832 quam
858 1761 889 1813 ut
905 1755 1067 1815 amicitiam
1087 1755 1108 1813 ei

104 1854 184 1896 more
206 1833 344 1893 maiorum
359 1837 534 1895 renuntiaret
551 1835 755 1915 mandaretque
772 1836 942 1896 domesticis
958 1837 1109 1914 ultionem,

71 1920 127 1981 tsi
145 1918 211 1999 quid
234 1918 287 1977 sibi
309 1917 464 1978 accideret.
501 1918 626 1994 Quarum
640 1922 774 1980 virtutum
794 1920 917 1980 fructum
932 1919 1110 1982 uberrimum

103 2004 182 2081 tulit,
212 2003 254 2062 sic
276 2002 414 2081 probatus
438 2011 466 2063 et
488 2003 611 2063 dilectus
635 2006 743 2081 asuis,
760 2013 789 2064 ut
804 2003 973 2082 Augustus,
993 2008 1110 2086 (omitto

103 2091 177 2150 enim
194 2086 426 2147 necessitudines
444 2086 588 2166 reliquas)
602 2087 649 2147 diu
666 2097 815 2148 cunctatus
830 2107 866 2148 an
881 2088 937 2147 sibi
953 2107 1111 2151 successo·

101 2191 162 2233 rem
179 2171 349 2249 destinaret,
365 2170 559 2250 adoptandum
574 2171 691 2232 Tiberio
708 2171 835 2242 dederit;
858 2174 901 2232 sic
917 2172 1013 2250 vulgo
1030 2174 1110 2234 favo·

102 2256 214 2331 rabilis,
232 2264 262 2315 ut
280 2255 393 2334 plurimi
409 2255 532 2332 tradant,
558 2257 691 2335 quotiens
711 2255 810 2334 aliquo
827 2255 979 2316 adveniret
1002 2257 1054 2318 vel
1077 2259 1110 2318 si·

104 2341 196 2400 conde
212 2338 385 2416 discederet,
408 2359 479 2418 prae
496 2339 578 2399 turba
594 2341 806 2400 occurrentium
829 2343 1110 2419 prosequentiumue

102 2441 311 2500 nonnumquam
334 2441 398 2482 eum
418 2423 571 2484 discrimen
597 2425 673 2485 vitae
697 2423 807 2501 adisse,
826 2441 842 2482 e
865 2424 1022 2485 Germania
1037 2443 1128 2486 vero¹

104 2515 171 2584 post
193 2522 391 2582 compressam
412 2506 582 2568 seditionem
600 2509 758 2568 revertenti
780 2510 983 2587 praetorianas
1004 2509 1108 2570 cohor·

103 2599 148 2649 tes
167 2589 318 2649 universas
337 2590 471 2668 prodisse
495 2592 623 2670 obviam,
645 2594 774 2671 quamvis
795 2593 1012 2670 pronuntiatum
1030 2602 1109 2654 esset

103 2684 133 2735 ut
156 2673 229 2732 duae
246 2681 352 2733 tantum
372 2675 459 2734 modo
482 2678 604 2752 exirent,
627 2677 728 2756 populi
746 2685 840 2736 autem
856 2676 979 2736 Romani
997 2696 1109 2754 sexum,

104 2768 237 2833 aetatem,
261 2756 389 2817 ordinem
412 2777 523 2819 omnem
538 2779 628 2838 usque
648 2760 683 2820 ad
699 2761 867 2820 vicesimum
886 2758 1016 2838 lapidem
1039 2762 1108 2822 eliu·

68 2845 88 2898 ὁ
104 2844 181 2904 disse
208 2860 250 2900 se.
298 2842 406 2902 'l'amen
428 2843 516 2920 longe
530 2846 638 2904 maiora
654 2854 682 2904 et
705 2845 831 2904 firmiora
849 2844 885 2903 de
903 2861 939 2903 eo
955 2845 1067 2906 iudicia
1083 2847 1108 2905 iu

102 2937 196 2989 morte
218 2945 252 2986 ac
273 2937 340 3005 post
362 2937 484 2986 mortem
507 2930 670 2987 extiterunt.
716 2929 780 3003 Quo
805 2928 957 2988 defunctus
982 2939 1029 2988 est
1053 2930 1107 3007 die,

104 3012 231 3094 lapidata
251 3021 315 3071 sunt
337 3012 457 3091 templa,
478 3012 635 3072 subversae
652 3012 734 3072 deum
750 3031 833 3089 arae,
849 3011 938 3071 Lares
955 3030 972 3072 a
989 3014 1107 3091 quibus·

103 3101 167 3160 dam
182 3096 338 3157 familiares
354 3098 382 3155 in
397 3096 543 3175 publicum
559 3096 674 3174 abiecti,
690 3106 789 3175 partus
802 3098 956 3172 coniugum
966 3099 1106 3176 expositi.

104 3186 178 3259 erin
194 3191 222 3241 et
239 3181 380 3241 barbaros
398 3182 504 3257 lerunt,
521 3181 623 3258 quibus
639 3182 803 3240 intestinum
821 3180 985 3260 quibusque
1003 3182 1106 3242 adver·

105 3289 153 3327 sus
170 3285 224 3325 nos
243 3266 349 3324 bellum
366 3275 461 3341 esset,
486 3265 565 3324 velut
587 3266 614 3323 in
631 3265 791 3325 domestico
809 3266 1011 3342 communique
1029 3284 1126 3326 mae-t

104 3371 190 3425 rore,
226 3352 411 3409 consensisse
438 3349 473 3409 ad
500 3350 635 3419 indutias;
668 3349 788 3426 regulos
817 3348 955 3427 quosdam
986 3349 1108 3410 barbam

106 3437 241 3512 posuisse
258 3444 286 3493 et
302 3453 422 3493 uxorum
439 3437 533 3512 capita
546 3434 653 3492 rasisse
668 3434 704 3494 ad
718 3433 850 3492 indicium
861 3434 977 3492 maximi
995 3433 1106 3504 luctus;

103 3536 207 3594 regum
223 3521 306 3578 etiam
326 3536 428 3596 regem
445 3527 473 3577 et
487 3520 694 3577 exercitatione
709 3516 832 3577 venandi
849 3525 878 3576 et
892 3518 1031 3577 convictu
1049 3537 1107 3578 me·
