2286 3944
159 185 220 246 loo
242 195 274 245 c.
289 195 437 244 sunroru
456 194 584 254 nanno.
600 195 648 241 nu
663 194 745 241 vrrs
760 193 944 242 osnsnnum
958 195 1028 242 nun.
1044 193 1096 243 111.

159 349 293 425 decerni,
317 366 353 408 ne
374 356 492 426 questus
508 345 622 426 quidem
637 356 691 407 est.
721 346 854 425 Negantc
871 364 908 406 eo
924 346 1086 408 destinatos
1100 366 1134 408 ms

159 432 294 510 gistratus
315 430 419 491 abesse
441 441 597 510 oportere,
618 439 648 490 ut
668 438 839 510 praesentes
858 430 963 490 honori
986 430 1134 510 adquiesco

159 523 237 591 rent,
252 523 372 593 praetor
386 513 552 591 designatus
570 514 689 574 liberam
704 514 880 591 legationem
894 515 1071 592 impetravit.
1100 514 1134 574 la

158 616 220 658 rum
246 606 399 674 censente,
426 606 456 656 ut
481 596 631 658 Trebianis
655 597 780 674 legatam
806 599 835 655 in
860 613 934 675 opus
958 600 1029 657 novi
1055 598 1134 659 theat

159 683 309 760 pecuniam
332 681 367 742 ad
382 682 565 741 munitionem
580 683 644 740 riae
658 680 815 740 transferre
830 679 1060 758 concederetur,
1084 691 1134 761 opt

159 783 229 825 nere
250 782 309 826 non
328 767 422 844 potuit
437 767 503 844 quin
517 773 578 825 rata
592 764 726 824 voluntas
740 763 881 841 legatoris
899 771 988 823 esset.
1024 763 1095 825 Cum
1112 783 1134 824 s<

159 857 242 908 natus
266 849 426 909 consultum
448 867 502 928 per
521 847 728 908 discessionem
741 847 818 906 forte
839 848 938 924 lieret,
961 856 1134 909 transeunter

160 950 225 992 eum
245 932 273 991 in
289 932 407 993 alteram
424 940 550 1010 partem,
570 932 599 990 in
618 949 672 1010 qua
685 931 839 1010 panciores
855 939 952 1008 erant,
977 941 1098 992 secutus
1114 950 1134 992 er

159 1032 254 1076 nemo.

224 1097 329 1158 Cetera
349 1114 463 1176 quoque
484 1097 597 1156 nonnisi
618 1115 671 1175 per
687 1097 870 1174 magistratus
886 1104 914 1156 et
930 1097 992 1156 iure
1010 1099 1134 1159 ordinari

159 1181 333 1259 agebantur,
359 1190 435 1241 tanta
465 1179 613 1239 consulum
640 1183 810 1241 auctoritate
829 1189 860 1240 ut
878 1179 968 1257 legati
991 1199 1032 1241 ex
1056 1181 1134 1242 Afric

159 1265 280 1325 adierint
303 1281 355 1324 eos
378 1270 548 1341 querentes,
577 1262 649 1323 trabi
676 1281 708 1322 se
730 1281 746 1323 a
768 1262 893 1324 Caesare
914 1263 949 1323 ad
969 1282 1057 1342 quem
1078 1267 1134 1325 mis:

159 1348 273 1408 lorent'
292 1345 356 1406 Nec
374 1348 490 1422 mirum,
506 1364 569 1405 cum
583 1346 677 1425 palam
692 1355 788 1423 essct,
808 1348 900 1425 ipsum
915 1363 1033 1426 quoque
1048 1349 1134 1408 eisder

116 1439 189 1495 olet
201 1446 355 1506 assurgere
376 1438 405 1488 et
423 1429 568 1489 decedere
584 1431 640 1488 via.
672 1429 818 1509 Corripuit
835 1430 1005 1490 consulares
1022 1434 1134 1492 exercit

157 1513 209 1573 bus
224 1514 420 1590 praepositos,
438 1513 514 1591 quod
530 1530 588 1572 non
603 1512 638 1572 de
653 1513 741 1572 rebus
752 1515 844 1590 gestis
857 1515 967 1573 senatui
980 1515 1134 1576 scriberen

158 1594 291 1675 quodque
311 1594 347 1654 dc
367 1595 525 1656 tribuendis
541 1596 708 1675 quibusdam
723 1596 891 1657 militaribus
907 1595 992 1656 donis
1008 1599 1044 1658 ad
1061 1617 1095 1658 se
1113 1620 1134 1658 rt

157 1679 281 1755 ferrent,
306 1681 386 1757 quasi
409 1698 466 1739 non
489 1682 612 1740 omnium
633 1679 848 1740 tribuendorum
865 1681 921 1759 ipsi
939 1681 983 1739 ius
1005 1680 1134 1743 habereu

157 1761 325 1822 Praetorem
352 1763 549 1840 conlaudavit,
580 1764 658 1841 quod
682 1763 794 1824 honore
820 1765 889 1823 inito
917 1766 1134 1826 consuetudine:

157 1846 300 1923 antiquam
324 1846 472 1906 retulisset
500 1846 536 1906 de
555 1847 712 1907 maioribus
731 1848 790 1906 suis
812 1864 865 1926 pro
888 1849 1026 1906 contione
1048 1867 1134 1910 meunt

157 1928 247 1990 randi.
282 1929 465 2005 Quorundam
487 1929 637 1990 illustrium
659 1931 796 2009 exequias
817 1948 907 2009 usque
927 1929 961 1989 ad
976 1948 1085 2009 rogum
1102 1935 1134 1993 fn

198 2015 314 2074 entavit.

159 2032 196 2093 qu
222 2095 324 2158 Parem
349 2097 575 2159 moderationem
597 2097 753 2158 minoribus
781 2113 895 2175 quoque
917 2105 946 2156 et
966 2101 1109 2175 personis
1132 2127 1134 2150 ι

158 2179 245 2240 rebus
264 2180 401 2241 exhibuit.
438 2179 508 2241 Cum
525 2182 702 2243 Rhodiorum
724 2182 921 2258 magistratus,
943 2179 1021 2258 quod
1044 2181 1134 2242 littera

158 2263 290 2342 publicas
316 2266 378 2325 sine
401 2264 613 2343 subscriptione
637 2263 725 2324 adse
745 2263 899 2339 dederant,
923 2274 1101 2342 evocasset,
1124 2285 1134 2324 1

157 2345 250 2406 verbo
270 2348 383 2425 quidem
404 2350 559 2408 insectatus
580 2365 614 2407 ao
629 2356 735 2408 tantum
750 2347 835 2406 modo
853 2348 948 2406 iussos
967 2346 1134 2408 subscribes

156 2430 275 2488 remisit.
316 2430 465 2506 Diogenes
490 2432 708 2508 grammaticos,
737 2431 882 2508 disputare
906 2427 1035 2489 sabbatis
1062 2431 1134 2493 Rho

156 2511 269 2588 solitus,
285 2514 448 2571 venientem
464 2531 543 2590 curn,
558 2522 589 2572 ut
604 2531 636 2572 se
653 2522 735 2574 extra
750 2513 879 2574 ordinem
893 2512 1016 2589 audiret,
1034 2532 1097 2574 non
1113 2534 1134 2576 at

155 2594 272 2654 miserat
295 2612 329 2654 ac
350 2613 403 2673 per
424 2595 570 2657 servolum
591 2612 671 2655 suum
687 2598 715 2655 in
733 2599 883 2676 septimum
898 2595 972 2655 diem
990 2596 1133 2660 distulero

155 2678 232 2739 hunc
247 2679 367 2754 Romae,
383 2677 523 2739 salutandi
538 2680 580 2740 sui
597 2697 682 2739 causa
696 2697 751 2759 pro
766 2679 876 2740 loribus
892 2679 1071 2757 adstantem,
1089 2682 1134 2742 nib

156 2761 276 2840 amplius
300 2779 382 2839 quam
407 2769 437 2820 ut
463 2771 530 2838 post
555 2765 705 2841 septimum
730 2782 832 2824 annum
859 2762 967 2822 rediret
998 2763 1134 2825 admonui

156 2843 337 2906 Praesidibus
358 2844 517 2906 onerandas
537 2846 644 2906 tributo
665 2848 831 2925 provincias
849 2845 1035 2907 suadentibus
1051 2866 1134 2907 rescr

157 2930 230 3008 psit,
246 2926 320 2988 boni
329 2927 472 3005 postoris
487 2946 555 2990 ease
569 2930 695 2991 tondere
703 2947 815 3008 pecca,
833 2948 893 2990 ooo
909 2927 1088 3007 deglobere.

113 3027 149 3081 33
218 3009 354 3072 Paulatim
370 3013 529 3091 principem
545 3015 668 3090 exeruit,
683 3014 882 3092 praestititque
897 3014 951 3072 etsi
969 3015 1083 3075 varium
1100 3015 1134 3075 do

156 3093 380 3156 commodiorem
401 3104 495 3156 tamen
512 3097 627 3176 saepius
645 3105 674 3156 et
691 3096 727 3156 ad
745 3097 881 3158 utilitates
893 3094 1025 3175 publicas
1038 3101 1134 3176 pronis

153 3194 223 3236 rem.
245 3177 290 3236 Ac
302 3180 394 3257 primo
407 3188 524 3240 eatenus
538 3180 756 3256 interveniebat,
768 3198 805 3239 ne
820 3179 886 3258 quid
898 3197 1055 3258 perperam
1063 3183 1134 3242 ficret

153 3259 254 3340 ltaque
278 3271 306 3322 et
328 3265 547 3324 constitutiones
568 3273 683 3324 senatus
706 3262 840 3340 quasdam
862 3262 1000 3339 rescidit,
1021 3273 1050 3322 et
1067 3264 1134 3342 magi

154 3344 289 3405 stratibus
313 3365 367 3425 pro
388 3347 521 3408 tribunali
541 3345 784 3424 cognoscentibus
808 3345 977 3424 plerumque
999 3365 1032 3406 se
1049 3349 1134 3408 ollere

154 3426 203 3487 bat
218 3430 404 3489 consiliarinu
436 3430 628 3492 ueidebatuue
643 3430 740 3488 iuxtim
755 3427 803 3488 vel
821 3429 1011 3489 exadversum
1027 3431 1056 3490 in
1072 3439 1134 3510 part
