2256 3930
92 277 223 327 LXXXVI
426 271 635 321 PRAEFATIO.

92 436 230 507 cumipse
248 433 357 490 nomine
373 449 405 487 ea
419 448 490 502 quae
504 432 538 486 ad
554 448 642 501 genus
654 430 832 486 Annaeoruuu
849 427 989 502 ipsiusque

92 525 193 593 poetae
210 524 326 574 aetatem
344 516 498 571 accuratius
516 514 698 571 definiendam
710 512 907 586 pertinebant,
923 529 988 584 quae

93 602 221 658 consulto
237 599 406 656 scholiasten
420 597 549 654 omisisse
565 596 743 667 crediderim,
760 602 908 669 postquam
926 598 988 652 alte·

93 702 151 741 ram
166 685 248 740 vilaro
265 684 450 755 quaeVaccae
467 682 555 735 fertur
569 679 705 752 integram
719 676 930 755 perscripsit'⁸)
944 682 989 737 has

92 786 138 825 res
154 767 367 838 diligentissime
384 770 552 820 exsecutam.
578 764 644 819 lum
659 765 687 820 iu
702 763 912 836 posterioribus
927 779 989 836 quo

94 870 146 924 quc
162 852 292 908 nonnulla
315 850 402 904 minus
424 848 545 918 levigata
567 855 646 917 sunt,
663 854 693 902 nt
712 846 831 920 pristina
854 846 991 918 elegantia

94 936 244 994 omittendo
262 933 508 1003 contrahendoque
523 932 671 988 obscurata
694 948 759 986 esse
775 930 915 987 videatur.
959 930 991 986 ht
1028 994 1033 1019 ί

94 1039 120 1093 p.
137 1026 204 1087 299,
219 1024 251 1075 21
271 1033 325 1072 nou
342 1015 511 1071 scholiastae
527 1014 655 1081 oonsilio,
673 1015 723 1071 sed
739 1014 848 1070 librarii
864 1014 947 1086 lapsu
962 1031 990 1070 ea

95 1102 236 1159 excidisse
252 1106 367 1172 apparet
381 1100 497 1169 quaeda
515 1098 580 1169 tuga
593 1098 694 1154 huconi
711 1105 739 1152 et
753 1097 855 1153 itinere
869 1096 991 1155 Athenas

95 1188 168 1242 lacto
185 1185 341 1254 studiisque
357 1183 551 1254 philosophiae
567 1182 671 1254 scripta
691 1181 811 1236 luerunt.

154 1271 229 1326 llaec
251 1268 307 1323 vita
329 1273 392 1338 post
414 1265 874 1338 editionemprincipema.1475
896 1266 991 1323 iactsn

93 1354 177 1409 toties
190 1369 250 1408 cunr
266 1350 365 1406 Lucani
382 1350 501 1406 carmine
514 1351 626 1420 volgato
643 1356 697 1419 est,
711 1355 742 1404 ut
758 1365 825 1405 saue
842 1349 991 1405 mirandum

94 1440 130 1492 sit
148 1442 175 1491 et
191 1434 364 1504 scaligerum
385 1433 480 1490 formis
504 1449 559 1488 non
575 1450 705 1489 excusam
728 1432 873 1504 putavisse
899 1439 929 1488 et
944 1434 992 1489 Ga·

94 1521 245 1575 sauhonum
267 1518 405 1573 secundae
421 1534 487 1572 suae
510 1512 670 1590 editiontll)
692 1516 836 1572 addidisse
857 1522 991 1589 tamquam

94 1597 276 1675 ineditamffl).
323 1601 426 1672 Scripti
450 1600 516 1656 iibri
535 1599 654 1671 inspecti
676 1606 739 1654 sunt
753 1600 843 1656 adhuc
858 1601 925 1656 vlll
946 1617 992 1656 nu·

93 1702 185 1756 mero,
202 1702 316 1758 quorum
332 1684 390 1740 bini
405 1687 511 1740 Bernae
528 1690 555 1738 et
569 1683 699 1752 Parisiis,
714 1682 817 1755 singuli
832 1684 992 1756 llontepes-

92 1769 146 1826 suli
161 1769 293 1825 Cassellis
308 1767 430 1824 berolini
445 1773 634 1837 asservantur,
649 1784 718 1822 unus
735 1767 872 1823 incertum
887 1769 938 1824 ubi
953 1768 992 1823 la-

91 1883 293 1894 ——au—

161 1946 206 2010 78)
227 1947 346 2012 Superest
365 1948 419 1996 eius
438 1947 539 2012 generis
556 1946 637 1996 codex
654 1945 790 1996 Beruensis
805 1945 858 1997 370
873 1945 992 2010 idemque

91 2017 202 2069 omnium
220 2015 447 2065 emendatissimus.
484 2017 512 2064 in
537 2029 566 2064 ec
585 2015 651 2064 euim
668 2022 726 2080 post
740 2015 892 2065 vocabulum
907 2030 992 2065 acces·

90 2089 137 2147 aio,
151 2084 219 2150 quod
235 2084 349 2133 ultimum
364 2091 403 2133 est
418 2083 484 2133 ultae
500 2098 515 2133 a
530 2084 613 2133 Vacca
628 2083 792 2148 conscriptae,
810 2083 934 2133 contiuuo
952 2099 991 2134 se·

92 2162 201 2220 quantur
215 2154 301 2202 Prima
319 2154 411 2217 inponit
424 2160 470 2202 etc.
492 2152 598 2218 paruulo
617 2152 703 2202 relicto
720 2151 852 2202 intervallo
871 2151 992 2215 nulloque

91 2223 162 2274 titulo
174 2221 331 2285 interposito.

159 2288 206 2352 79)
228 2291 259 2342 Α.
287 2289 360 2339 1610.
396 2288 446 2339 Sed
469 2291 520 2338 iam
536 2304 561 2338 a.
581 2287 647 2341 1596
663 2295 806 2355 acceperat,
826 2287 991 2340 aTheodoro

91 2359 197 2410 cantero
219 2358 379 2407 Ultraiectino
404 2359 514 2407 eveteri
535 2358 620 2407 codice
641 2358 807 2423 descriptam,
830 2357 876 2408 alr.
896 2357 991 2408 camu-

90 2425 150 2478 boni
175 2425 295 2489 epistolae
317 2442 343 2490 p.
366 2425 417 2476 646
435 2427 525 2475 Almel.
551 2427 618 2489 quod
635 2427 777 2492 exemplum
795 2425 991 2477 Almeioveeuus

91 2496 124 2545 ad
141 2493 256 2558 vulgatas
273 2493 395 2543 editiones
417 2494 552 2544 refluxisse
565 2496 672 2545 videtur.
707 2494 872 2559 Deeumptam
894 2511 911 2545 a
927 2496 991 2546 Can·

91 2572 145 2613 tero
162 2560 189 2610 G.
207 2561 246 2609 Fr.
263 2560 368 2617 Weber,
379 2563 528 2627 opinabatur
543 2579 576 2613 ex
594 2563 678 2626 aliqua
695 2564 835 2628 priscarum
852 2563 990 2614 editionum

90 2645 148 2681 cum
165 2629 255 2692 quibus
274 2630 394 2678 nonnulla
419 2632 560 2681 communia
575 2631 663 2692 habet,
686 2639 713 2680 ut
732 2647 757 2696 p.
776 2631 842 2692 299,
866 2633 899 2682 15
915 2632 991 2681 iuter·

90 2700 176 2767 poiata
194 2698 269 2747 verba
285 2698 332 2759 Qui
348 2706 432 2749 tantae
452 2702 560 2750 leobatio
579 2708 603 2749 et
620 2701 793 2749 immoderatae
810 2701 912 2764 linquae
932 2701 989 2761 fuit.

91 2774 124 2818 At
148 2766 235 2816 eadem
262 2767 338 2816 verba
361 2767 530 2819 Berolinensis
556 2783 655 2832 qunque
679 2769 742 2818 liber
766 2768 855 2828 habet;
877 2777 902 2818 et
929 2767 990 2818 baec

90 2843 157 2888 certe
172 2850 197 2899 p.
214 2834 278 2896 299,
296 2837 327 2885 12
346 2835 385 2884 M.
402 2837 521 2887 Annaeus
539 2839 657 2886 Lucanus
675 2838 854 2897 Cordubensis,
874 2836 907 2887 21
926 2839 989 2900 ruri,

89 2922 116 2972 p.
133 2902 193 2963 309,
213 2903 224 2951 1
239 2905 402 2966 parricidam,
420 2905 437 2956 3
453 2909 513 2967 suis,
530 2907 545 2955 5
564 2921 620 2969 sqq.
649 2907 770 2958 Poemata
784 2909 857 2956 etiam
872 2908 928 2957 eius
942 2915 987 2959 eto.

89 2974 175 3035 ntique
201 2973 225 3019 iu
245 2973 344 3038 scriptis
367 2973 437 3022 libris
454 2983 567 3039 reperta,
591 2988 664 3024 nemo
686 2974 831 3040 typothetae
853 2975 988 3026 tradiderat

89 3050 146 3091 ante
162 3039 346 3090 Gosaubonnm.
383 3041 501 3091 Dubitare
520 3043 598 3108 igitur
613 3043 663 3093 noli
682 3045 742 3108 quin
759 3044 844 3093 codice
860 3058 909 3097 ms.
925 3044 985 3095 Can·

88 3123 157 3159 torus
176 3123 237 3159 usus
256 3111 303 3170 sit,
322 3119 345 3158 et
363 3111 407 3159 tali
426 3112 525 3173 quidem
545 3113 588 3174 qui
605 3111 799 3162 adBernensem
817 3112 852 3162 45
873 3112 988 3177 proxime

89 3177 235 3238 accedebat,
253 3178 298 3228 cfr.
315 3194 340 3243 p.
360 3178 419 3238 299,
437 3179 470 3228 ’20
489 3181 537 3228 Hic
555 3184 579 3229 in
597 3183 681 3242 initio,
705 3183 736 3230 21
753 3183 833 3245 lotape,
848 3194 875 3246 p.
895 3179 988 3242 300,2

88 3249 166 3296 libero
179 3247 297 3308 arbitrio,
319 3248 335 3296 h
349 3249 421 3296 etiam
435 3251 494 3297 eius.

156 3312 200 3375 80)
219 3316 329 3365 Primum
345 3316 378 3364 ad
388 3325 486 3366 vetusta
502 3317 617 3382 exempla
631 3319 769 3367 accessisse
779 3318 913 3382 Hugouem
926 3317 984 3367 Gro-

88 3382 151 3430 tlum
169 3383 249 3439 video,
271 3386 313 3446 qui
336 3386 361 3434 in
378 3401 423 3434 suu
441 3387 550 3436 editione
567 3402 590 3434 a.
613 3387 678 3436 1614
700 3387 792 3436 emissa
812 3385 987 3436 casaubonum

88 3449 200 3510 alioquin
220 3451 346 3515 ualerone,
374 3455 445 3502 unicis
469 3455 615 3503 eainclusit
634 3470 698 3517 quae
717 3455 875 3517 abantiquis
896 3455 987 3506 editio·

87 3517 162 3566 uibus
179 3519 267 3568 abesse
284 3521 502 3573 animadverterat.
