<?xml version="1.0" encoding="UTF-8"?>
<!DOCTYPE html PUBLIC "-//W3C//DTD XHTML 1.0 Transitional//EN"
    "http://www.w3.org/TR/xhtml1/DTD/xhtml1-transitional.dtd">
<html xmlns="http://www.w3.org/1999/xhtml" xml:lang="en" lang="en">
 <head>
  <title>
</title>
<meta http-equiv="Content-Type" content="text/html;charset=utf-8" />
  <meta name='ocr-system' content='tesseract 3.04.00' />
  <meta name='ocr-capabilities' content='ocr_page ocr_carea ocr_par ocr_line ocrx_word'/>
</head>
<body>
  <div class='ocr_page' id='page_1' title='image "./csuetonitranqui01suetgoog_0151.png"; bbox 0 0 2286 3944; ppageno 0'>
   <div class='ocr_carea' id='block_1_1' title="bbox 112 194 1028 258">
    <p class='ocr_par' dir='ltr' id='par_1_1' title="bbox 112 194 1028 258">
     <span class='ocr_line' id='line_1_1' title="bbox 112 194 1028 258; baseline -0.009 -4"><span class='ocrx_word' id='word_1_1' title='bbox 112 194 153 254; x_wconf 80' lang='grc'><strong>42</strong></span> <span class='ocrx_word' id='word_1_2' title='bbox 199 205 229 253; x_wconf 87' lang='lat' dir='ltr'><strong>o.</strong></span> <span class='ocrx_word' id='word_1_3' title='bbox 246 201 396 252; x_wconf 82' lang='lat' dir='ltr'><strong>suunoru</strong></span> <span class='ocrx_word' id='word_1_4' title='bbox 408 199 536 258; x_wconf 76' lang='lat' dir='ltr'><strong>nanno.</strong></span> <span class='ocrx_word' id='word_1_5' title='bbox 552 199 600 246; x_wconf 80' lang='lat' dir='ltr'><strong>nrt</strong></span> <span class='ocrx_word' id='word_1_6' title='bbox 612 199 696 247; x_wconf 83' lang='lat' dir='ltr'><strong>vrnn</strong></span> <span class='ocrx_word' id='word_1_7' title='bbox 711 197 897 248; x_wconf 78' lang='lat' dir='ltr'><strong>cassanum</strong></span> <span class='ocrx_word' id='word_1_8' title='bbox 908 199 978 246; x_wconf 81' lang='lat' dir='ltr'><strong>nro.</strong></span> <span class='ocrx_word' id='word_1_9' title='bbox 991 199 1028 246; x_wconf 90' lang='lat'><strong>11.</strong></span> 
     </span>
    </p>
   </div>
   <div class='ocr_carea' id='block_1_2' title="bbox 18 353 1141 3545">
    <p class='ocr_par' dir='ltr' id='par_1_2' title="bbox 18 353 1141 3545">
     <span class='ocr_line' id='line_1_2' title="bbox 112 353 1116 438; baseline -0.005 -18"><span class='ocrx_word' id='word_1_10' title='bbox 112 379 167 420; x_wconf 91' lang='lat' dir='ltr'><strong>nae</strong></span> <span class='ocrx_word' id='word_1_11' title='bbox 186 359 336 438; x_wconf 83' lang='lat' dir='ltr'><strong>provincia</strong></span> <span class='ocrx_word' id='word_1_12' title='bbox 354 375 371 417; x_wconf 93' lang='lat' dir='ltr'><strong>a</strong></span> <span class='ocrx_word' id='word_1_13' title='bbox 387 354 515 415; x_wconf 81' lang='lat' dir='ltr'>Caesare</span> <span class='ocrx_word' id='word_1_14' title='bbox 533 353 599 414; x_wconf 88' lang='lat' dir='ltr'><strong>data</strong></span> <span class='ocrx_word' id='word_1_15' title='bbox 615 362 644 413; x_wconf 92' lang='lat' dir='ltr'><strong>et</strong></span> <span class='ocrx_word' id='word_1_16' title='bbox 659 371 714 431; x_wconf 92' lang='lat' dir='ltr'><strong>per</strong></span> <span class='ocrx_word' id='word_1_17' title='bbox 732 362 861 414; x_wconf 89' lang='lat' dir='ltr'><strong>senatum</strong></span> <span class='ocrx_word' id='word_1_18' title='bbox 877 353 1047 413; x_wconf 88' lang='lat' dir='ltr'><strong>coniirmata</strong></span> <span class='ocrx_word' id='word_1_19' title='bbox 1065 373 1116 415; x_wconf 91' lang='lat' dir='ltr'><strong>ex·</strong></span> 
     </span>
     <span class='ocr_line' id='line_1_3' title="bbox 112 436 1114 524; baseline -0.005 -21"><span class='ocrx_word' id='word_1_20' title='bbox 112 444 225 524; x_wconf 88' lang='lat' dir='ltr'><strong>pellere</strong></span> <span class='ocrx_word' id='word_1_21' title='bbox 238 443 323 502; x_wconf 92' lang='lat' dir='ltr'><strong>armis</strong></span> <span class='ocrx_word' id='word_1_22' title='bbox 335 442 485 500; x_wconf 81' lang='lat' dir='ltr'><strong>niteretur.</strong></span> <span class='ocrx_word' id='word_1_23' title='bbox 515 436 704 497; x_wconf 89' lang='lat' dir='ltr'><strong>Hortantibus</strong></span> <span class='ocrx_word' id='word_1_24' title='bbox 720 439 817 517; x_wconf 89' lang='lat' dir='ltr'><strong>itaque</strong></span> <span class='ocrx_word' id='word_1_25' title='bbox 836 437 981 496; x_wconf 80' lang='lat' dir='ltr'><strong>nonnullis</strong></span> <span class='ocrx_word' id='word_1_26' title='bbox 994 456 1114 516; x_wconf 91' lang='lat' dir='ltr'><strong>percus·</strong></span> 
     </span>
     <span class='ocr_line' id='line_1_4' title="bbox 112 519 1116 601; baseline -0.006 -13"><span class='ocrx_word' id='word_1_27' title='bbox 112 546 195 589; x_wconf 86' lang='lat' dir='ltr'><strong>soros</strong></span> <span class='ocrx_word' id='word_1_28' title='bbox 208 528 235 586; x_wconf 96' lang='lat' dir='ltr'><strong>ei</strong></span> <span class='ocrx_word' id='word_1_29' title='bbox 247 525 431 600; x_wconf 87' lang='lat' dir='ltr'><strong>subornavit,</strong></span> <span class='ocrx_word' id='word_1_30' title='bbox 450 540 484 582; x_wconf 90' lang='lat' dir='ltr'><strong>ac</strong></span> <span class='ocrx_word' id='word_1_31' title='bbox 494 520 596 582; x_wconf 88' lang='lat' dir='ltr'><strong>lrande</strong></span> <span class='ocrx_word' id='word_1_32' title='bbox 607 519 792 600; x_wconf 88' lang='lat' dir='ltr'><strong>deprehensa</strong></span> <span class='ocrx_word' id='word_1_33' title='bbox 806 521 965 601; x_wconf 88' lang='lat' dir='ltr'><strong>periculum</strong></span> <span class='ocrx_word' id='word_1_34' title='bbox 978 522 1006 579; x_wconf 92' lang='lat' dir='ltr'><strong>in</strong></span> <span class='ocrx_word' id='word_1_35' title='bbox 1021 524 1116 582; x_wconf 90' lang='lat' dir='ltr'><strong>vicem</strong></span> 
     </span>
     <span class='ocr_line' id='line_1_5' title="bbox 111 605 1116 685; baseline -0.004 -14"><span class='ocrx_word' id='word_1_36' title='bbox 111 621 242 672; x_wconf 90' lang='lat' dir='ltr'><strong>metuens</strong></span> <span class='ocrx_word' id='word_1_37' title='bbox 262 619 419 669; x_wconf 90' lang='lat' dir='ltr'><strong>veteranos</strong></span> <span class='ocrx_word' id='word_1_38' title='bbox 435 606 517 666; x_wconf 93' lang='lat' dir='ltr'><strong>simul</strong></span> <span class='ocrx_word' id='word_1_39' title='bbox 536 608 564 664; x_wconf 95' lang='lat' dir='ltr'><strong>in</strong></span> <span class='ocrx_word' id='word_1_40' title='bbox 585 623 666 665; x_wconf 91' lang='lat' dir='ltr'><strong>suum</strong></span> <span class='ocrx_word' id='word_1_41' title='bbox 687 624 721 665; x_wconf 92' lang='lat' dir='ltr'><strong>ac</strong></span> <span class='ocrx_word' id='word_1_42' title='bbox 741 608 785 666; x_wconf 92' lang='lat' dir='ltr'><strong>rei</strong></span> <span class='ocrx_word' id='word_1_43' title='bbox 805 623 835 684; x_wconf 90' lang='lat' dir='ltr'><strong>p.</strong></span> <span class='ocrx_word' id='word_1_44' title='bbox 858 605 993 665; x_wconf 86' lang='lat' dir='ltr'><strong>auxilium</strong></span> <span class='ocrx_word' id='word_1_45' title='bbox 1010 617 1116 685; x_wconf 90' lang='lat' dir='ltr'><strong>quanta</strong></span> 
     </span>
     <span class='ocr_line' id='line_1_6' title="bbox 112 691 1134 776; baseline -0.005 -20"><span class='ocrx_word' id='word_1_46' title='bbox 112 697 205 776; x_wconf 93' lang='lat' dir='ltr'><strong>potuit</strong></span> <span class='ocrx_word' id='word_1_47' title='bbox 228 694 383 770; x_wconf 77' lang='lat' dir='ltr'><strong>largitione</strong></span> <span class='ocrx_word' id='word_1_48' title='bbox 408 691 567 760; x_wconf 83' lang='lat' dir='ltr'><strong>contraxit;</strong></span> <span class='ocrx_word' id='word_1_49' title='bbox 599 692 750 769; x_wconf 89' lang='lat' dir='ltr'><strong>iussusque</strong></span> <span class='ocrx_word' id='word_1_50' title='bbox 775 697 944 767; x_wconf 89' lang='lat' dir='ltr'><strong>comparato</strong></span> <span class='ocrx_word' id='word_1_51' title='bbox 974 693 1134 751; x_wconf 81' lang='lat' dir='ltr'><strong>exercituis</strong></span> 
     </span>
     <span class='ocr_line' id='line_1_7' title="bbox 112 772 1114 860; baseline -0.005 -21"><span class='ocrx_word' id='word_1_52' title='bbox 112 797 166 860; x_wconf 91' lang='lat' dir='ltr'><strong>pro</strong></span> <span class='ocrx_word' id='word_1_53' title='bbox 187 787 324 858; x_wconf 88' lang='lat' dir='ltr'><strong>praetore</strong></span> <span class='ocrx_word' id='word_1_54' title='bbox 342 793 483 855; x_wconf 90' lang='lat' dir='ltr'><strong>praeesse</strong></span> <span class='ocrx_word' id='word_1_55' title='bbox 505 783 535 834; x_wconf 90' lang='lat' dir='ltr'><strong>et</strong></span> <span class='ocrx_word' id='word_1_56' title='bbox 555 792 619 834; x_wconf 92' lang='lat' dir='ltr'><strong>cum</strong></span> <span class='ocrx_word' id='word_1_57' title='bbox 631 773 724 833; x_wconf 91' lang='lat' dir='ltr'><strong>Hirtio</strong></span> <span class='ocrx_word' id='word_1_58' title='bbox 740 791 774 834; x_wconf 89' lang='lat' dir='ltr'><strong>ac</strong></span> <span class='ocrx_word' id='word_1_59' title='bbox 792 772 900 851; x_wconf 90' lang='lat' dir='ltr'><strong>Pansa,</strong></span> <span class='ocrx_word' id='word_1_60' title='bbox 918 775 965 852; x_wconf 93' lang='lat' dir='ltr'><strong>qui</strong></span> <span class='ocrx_word' id='word_1_61' title='bbox 982 775 1114 835; x_wconf 87' lang='lat' dir='ltr'><strong>consula-</strong></span> 
     </span>
     <span class='ocr_line' id='line_1_8' title="bbox 112 856 1115 940; baseline -0.008 -15"><span class='ocrx_word' id='word_1_62' title='bbox 112 875 171 925; x_wconf 88' lang='lat' dir='ltr'><strong>tum</strong></span> <span class='ocrx_word' id='word_1_63' title='bbox 189 869 394 940; x_wconf 89' lang='lat' dir='ltr'><strong>susceperant,</strong></span> <span class='ocrx_word' id='word_1_64' title='bbox 411 860 447 919; x_wconf 87' lang='lat' dir='ltr'><strong>D.</strong></span> <span class='ocrx_word' id='word_1_65' title='bbox 465 859 552 919; x_wconf 89' lang='lat' dir='ltr'><strong>Bruto</strong></span> <span class='ocrx_word' id='word_1_66' title='bbox 573 875 659 936; x_wconf 92' lang='lat' dir='ltr'><strong>opem</strong></span> <span class='ocrx_word' id='word_1_67' title='bbox 677 857 771 935; x_wconf 87' lang='lat' dir='ltr'><strong>ferre,</strong></span> <span class='ocrx_word' id='word_1_68' title='bbox 790 856 988 917; x_wconf 91' lang='lat' dir='ltr'><strong>demandatum</strong></span> <span class='ocrx_word' id='word_1_69' title='bbox 1007 857 1115 917; x_wconf 89' lang='lat' dir='ltr'><strong>bellum</strong></span> 
     </span>
     <span class='ocr_line' id='line_1_9' title="bbox 112 939 1114 1020; baseline -0.006 -12"><span class='ocrx_word' id='word_1_70' title='bbox 112 949 200 1008; x_wconf 91' lang='lat' dir='ltr'><strong>tertio</strong></span> <span class='ocrx_word' id='word_1_71' title='bbox 219 964 318 1006; x_wconf 91' lang='lat' dir='ltr'><strong>mense</strong></span> <span class='ocrx_word' id='word_1_72' title='bbox 339 944 466 1005; x_wconf 90' lang='lat' dir='ltr'><strong>coniecit</strong></span> <span class='ocrx_word' id='word_1_73' title='bbox 487 941 598 1002; x_wconf 92' lang='lat' dir='ltr'><strong>duobus</strong></span> <span class='ocrx_word' id='word_1_74' title='bbox 621 941 751 1020; x_wconf 90' lang='lat' dir='ltr'><strong>proeliis.</strong></span> <span class='ocrx_word' id='word_1_75' title='bbox 785 939 887 1001; x_wconf 86' lang='lat' dir='ltr'><strong>Priore</strong></span> <span class='ocrx_word' id='word_1_76' title='bbox 905 940 1050 1001; x_wconf 92' lang='lat' dir='ltr'><strong>Antonius</strong></span> <span class='ocrx_word' id='word_1_77' title='bbox 1073 943 1114 1002; x_wconf 92' lang='lat' dir='ltr'><strong>iu·</strong></span> 
     </span>
     <span class='ocr_line' id='line_1_10' title="bbox 112 1025 1114 1110; baseline -0.008 -18"><span class='ocrx_word' id='word_1_78' title='bbox 112 1035 193 1110; x_wconf 90' lang='lat' dir='ltr'><strong>gisse</strong></span> <span class='ocrx_word' id='word_1_79' title='bbox 212 1048 276 1090; x_wconf 90' lang='lat' dir='ltr'><strong>eum</strong></span> <span class='ocrx_word' id='word_1_80' title='bbox 294 1028 396 1089; x_wconf 86' lang='lat' dir='ltr'><strong>scribit</strong></span> <span class='ocrx_word' id='word_1_81' title='bbox 408 1045 442 1087; x_wconf 90' lang='lat' dir='ltr'><strong>ac</strong></span> <span class='ocrx_word' id='word_1_82' title='bbox 460 1028 522 1086; x_wconf 92' lang='lat' dir='ltr'><strong>sine</strong></span> <span class='ocrx_word' id='word_1_83' title='bbox 538 1025 743 1104; x_wconf 89' lang='lat' dir='ltr'><strong>paludamento</strong></span> <span class='ocrx_word' id='word_1_84' title='bbox 762 1043 896 1105; x_wconf 85' lang='lat' dir='ltr'><strong>equoque</strong></span> <span class='ocrx_word' id='word_1_85' title='bbox 915 1033 983 1103; x_wconf 90' lang='lat' dir='ltr'><strong>post</strong></span> <span class='ocrx_word' id='word_1_86' title='bbox 999 1025 1114 1085; x_wconf 89' lang='lat' dir='ltr'><strong>biduum</strong></span> 
     </span>
     <span class='ocr_line' id='line_1_11' title="bbox 111 1108 1138 1192; baseline -0.006 -16"><span class='ocrx_word' id='word_1_87' title='bbox 111 1117 225 1176; x_wconf 91' lang='lat' dir='ltr'><strong>demum</strong></span> <span class='ocrx_word' id='word_1_88' title='bbox 249 1113 435 1192; x_wconf 83' lang='lat' dir='ltr'><strong>apparuisse,</strong></span> <span class='ocrx_word' id='word_1_89' title='bbox 459 1112 592 1189; x_wconf 85' lang='lat' dir='ltr'><strong>sequenti</strong></span> <span class='ocrx_word' id='word_1_90' title='bbox 610 1112 680 1170; x_wconf 87' lang='lat' dir='ltr'><strong>satis</strong></span> <span class='ocrx_word' id='word_1_91' title='bbox 704 1117 818 1169; x_wconf 89' lang='lat' dir='ltr'><strong>constat</strong></span> <span class='ocrx_word' id='word_1_92' title='bbox 838 1127 895 1168; x_wconf 94' lang='lat' dir='ltr'><strong>non</strong></span> <span class='ocrx_word' id='word_1_93' title='bbox 912 1108 999 1169; x_wconf 92' lang='lat' dir='ltr'><strong>modo</strong></span> <span class='ocrx_word' id='word_1_94' title='bbox 1018 1109 1138 1188; x_wconf 84' lang='lat' dir='ltr'><strong>ducis,r</strong></span> 
     </span>
     <span class='ocr_line' id='line_1_12' title="bbox 111 1192 1111 1272; baseline -0.006 -12"><span class='ocrx_word' id='word_1_95' title='bbox 111 1200 164 1260; x_wconf 91' lang='lat' dir='ltr'><strong>sed</strong></span> <span class='ocrx_word' id='word_1_96' title='bbox 182 1201 268 1258; x_wconf 90' lang='lat' dir='ltr'><strong>etiam</strong></span> <span class='ocrx_word' id='word_1_97' title='bbox 278 1196 375 1256; x_wconf 89' lang='lat' dir='ltr'><strong>militis</strong></span> <span class='ocrx_word' id='word_1_98' title='bbox 387 1195 513 1254; x_wconf 89' lang='lat' dir='ltr'><strong>iunctum</strong></span> <span class='ocrx_word' id='word_1_99' title='bbox 529 1211 647 1254; x_wconf 91' lang='lat' dir='ltr'><strong>munere</strong></span> <span class='ocrx_word' id='word_1_100' title='bbox 660 1202 745 1272; x_wconf 87' lang='lat' dir='ltr'><strong>atque</strong></span> <span class='ocrx_word' id='word_1_101' title='bbox 762 1195 791 1252; x_wconf 93' lang='lat' dir='ltr'><strong>in</strong></span> <span class='ocrx_word' id='word_1_102' title='bbox 809 1192 902 1254; x_wconf 88' lang='lat' dir='ltr'><strong>media</strong></span> <span class='ocrx_word' id='word_1_103' title='bbox 917 1193 1111 1270; x_wconf 82' lang='lat' dir='ltr'><strong>dimicatione,</strong></span> 
     </span>
     <span class='ocr_line' id='line_1_13' title="bbox 112 1278 1112 1363; baseline -0.006 -19"><span class='ocrx_word' id='word_1_104' title='bbox 112 1282 264 1363; x_wconf 83' lang='lat' dir='ltr'><strong>aquilifero</strong></span> <span class='ocrx_word' id='word_1_105' title='bbox 280 1281 404 1357; x_wconf 85' lang='lat' dir='ltr'><strong>legionis</strong></span> <span class='ocrx_word' id='word_1_106' title='bbox 420 1296 489 1337; x_wconf 89' lang='lat' dir='ltr'><strong>suae</strong></span> <span class='ocrx_word' id='word_1_107' title='bbox 505 1280 635 1355; x_wconf 88' lang='lat' dir='ltr'><strong>graviter</strong></span> <span class='ocrx_word' id='word_1_108' title='bbox 652 1280 767 1355; x_wconf 89' lang='lat' dir='ltr'><strong>saucio,</strong></span> <span class='ocrx_word' id='word_1_109' title='bbox 787 1278 910 1356; x_wconf 89' lang='lat' dir='ltr'><strong>aquilam</strong></span> <span class='ocrx_word' id='word_1_110' title='bbox 925 1280 1031 1337; x_wconf 89' lang='lat' dir='ltr'><strong>umeris</strong></span> <span class='ocrx_word' id='word_1_111' title='bbox 1047 1278 1112 1338; x_wconf 90' lang='lat' dir='ltr'><strong>suh·</strong></span> 
     </span>
     <span class='ocr_line' id='line_1_14' title="bbox 69 1360 1112 1443; baseline -0.002 -19"><span class='ocrx_word' id='word_1_112' title='bbox 69 1373 99 1437; x_wconf 84' lang='lat'><strong>11</strong></span> <span class='ocrx_word' id='word_1_113' title='bbox 112 1372 169 1427; x_wconf 92' lang='lat' dir='ltr'><strong>isse</strong></span> <span class='ocrx_word' id='word_1_114' title='bbox 181 1365 284 1443; x_wconf 90' lang='lat' dir='ltr'><strong>diuque</strong></span> <span class='ocrx_word' id='word_1_115' title='bbox 294 1372 437 1442; x_wconf 90' lang='lat' dir='ltr'><strong>portasse.</strong></span> <span class='ocrx_word' id='word_1_116' title='bbox 456 1361 520 1422; x_wconf 92' lang='lat' dir='ltr'><strong>Hoc</strong></span> <span class='ocrx_word' id='word_1_117' title='bbox 531 1361 610 1422; x_wconf 88' lang='lat' dir='ltr'><strong>bello</strong></span> <span class='ocrx_word' id='word_1_118' title='bbox 623 1362 798 1421; x_wconf 88' lang='lat' dir='ltr'><strong>oumHirtius</strong></span> <span class='ocrx_word' id='word_1_119' title='bbox 813 1363 841 1420; x_wconf 91' lang='lat' dir='ltr'><strong>in</strong></span> <span class='ocrx_word' id='word_1_120' title='bbox 853 1363 925 1439; x_wconf 82' lang='lat' dir='ltr'><strong>acie,</strong></span> <span class='ocrx_word' id='word_1_121' title='bbox 937 1360 1030 1423; x_wconf 91' lang='lat' dir='ltr'><strong>Pansa</strong></span> <span class='ocrx_word' id='word_1_122' title='bbox 1045 1381 1112 1441; x_wconf 93' lang='lat' dir='ltr'><strong>pau-</strong></span> 
     </span>
     <span class='ocr_line' id='line_1_15' title="bbox 18 1438 1113 1527; baseline -0.007 -13"><span class='ocrx_word' id='word_1_123' title='bbox 18 1487 37 1495; x_wconf 86' lang='lat'><em>-</em></span> <span class='ocrx_word' id='word_1_124' title='bbox 51 1438 56 1513; x_wconf 79' lang='lat' dir='ltr'><strong>l</strong></span> <span class='ocrx_word' id='word_1_125' title='bbox 69 1440 82 1503; x_wconf 84' lang='lat' dir='ltr'><strong>l</strong></span> <span class='ocrx_word' id='word_1_126' title='bbox 111 1451 140 1510; x_wconf 97' lang='lat' dir='ltr'><strong>lo</strong></span> <span class='ocrx_word' id='word_1_127' title='bbox 158 1457 225 1527; x_wconf 93' lang='lat' dir='ltr'><strong>post</strong></span> <span class='ocrx_word' id='word_1_128' title='bbox 246 1466 283 1507; x_wconf 84' lang='lat' dir='ltr'><strong>ex</strong></span> <span class='ocrx_word' id='word_1_129' title='bbox 296 1447 416 1506; x_wconf 90' lang='lat' dir='ltr'><strong>vulnere</strong></span> <span class='ocrx_word' id='word_1_130' title='bbox 430 1448 588 1525; x_wconf 89' lang='lat' dir='ltr'><strong>perissent,</strong></span> <span class='ocrx_word' id='word_1_131' title='bbox 614 1464 711 1506; x_wconf 91' lang='lat' dir='ltr'><strong>rumor</strong></span> <span class='ocrx_word' id='word_1_132' title='bbox 726 1445 883 1506; x_wconf 82' lang='lat' dir='ltr'><strong>increbruit</strong></span> <span class='ocrx_word' id='word_1_133' title='bbox 901 1445 1000 1506; x_wconf 90' lang='lat' dir='ltr'><strong>ambos</strong></span> <span class='ocrx_word' id='word_1_134' title='bbox 1021 1463 1113 1526; x_wconf 88' lang='lat' dir='ltr'><strong>opera</strong></span> 
     </span>
     <span class='ocr_line' id='line_1_16' title="bbox 111 1530 1137 1608; baseline -0.001 -16"><span class='ocrx_word' id='word_1_135' title='bbox 111 1535 173 1593; x_wconf 88' lang='lat' dir='ltr'><strong>eius</strong></span> <span class='ocrx_word' id='word_1_136' title='bbox 202 1533 338 1608; x_wconf 90' lang='lat' dir='ltr'><strong>occisos,</strong></span> <span class='ocrx_word' id='word_1_137' title='bbox 363 1539 392 1597; x_wconf 88' lang='lat' dir='ltr'><strong>ut</strong></span> <span class='ocrx_word' id='word_1_138' title='bbox 412 1530 539 1590; x_wconf 93' lang='lat' dir='ltr'><strong>Antonio</strong></span> <span class='ocrx_word' id='word_1_139' title='bbox 564 1530 679 1608; x_wconf 90' lang='lat' dir='ltr'><strong>iugato,</strong></span> <span class='ocrx_word' id='word_1_140' title='bbox 708 1548 741 1589; x_wconf 91' lang='lat' dir='ltr'><strong>re</strong></span> <span class='ocrx_word' id='word_1_141' title='bbox 763 1548 793 1608; x_wconf 90' lang='lat' dir='ltr'><strong>p.</strong></span> <span class='ocrx_word' id='word_1_142' title='bbox 820 1530 986 1591; x_wconf 86' lang='lat' dir='ltr'><strong>consulibus</strong></span> <span class='ocrx_word' id='word_1_143' title='bbox 1009 1531 1137 1596; x_wconf 73' lang='lat' dir='ltr'><strong>orbatas</strong></span> 
     </span>
     <span class='ocr_line' id='line_1_17' title="bbox 111 1612 1112 1693; baseline -0.003 -16"><span class='ocrx_word' id='word_1_144' title='bbox 111 1616 190 1677; x_wconf 88' lang='lat' dir='ltr'><strong>solus</strong></span> <span class='ocrx_word' id='word_1_145' title='bbox 209 1617 338 1675; x_wconf 86' lang='lat' dir='ltr'><strong>victores</strong></span> <span class='ocrx_word' id='word_1_146' title='bbox 354 1617 501 1674; x_wconf 83' lang='lat' dir='ltr'><strong>exercitus</strong></span> <span class='ocrx_word' id='word_1_147' title='bbox 521 1623 690 1692; x_wconf 88' lang='lat' dir='ltr'><strong>occuparet.</strong></span> <span class='ocrx_word' id='word_1_148' title='bbox 718 1613 830 1674; x_wconf 88' lang='lat' dir='ltr'><strong>Pansae</strong></span> <span class='ocrx_word' id='word_1_149' title='bbox 846 1612 960 1693; x_wconf 91' lang='lat' dir='ltr'><strong>quidem</strong></span> <span class='ocrx_word' id='word_1_150' title='bbox 975 1614 1049 1676; x_wconf 92' lang='lat' dir='ltr'><strong>adeo</strong></span> <span class='ocrx_word' id='word_1_151' title='bbox 1068 1634 1112 1676; x_wconf 88' lang='lat' dir='ltr'><strong>su·</strong></span> 
     </span>
     <span class='ocr_line' id='line_1_18' title="bbox 111 1696 1111 1779; baseline -0.002 -18"><span class='ocrx_word' id='word_1_152' title='bbox 111 1708 214 1779; x_wconf 86' lang='lat' dir='ltr'><strong>specta</strong></span> <span class='ocrx_word' id='word_1_153' title='bbox 228 1717 307 1758; x_wconf 91' lang='lat' dir='ltr'><strong>mors</strong></span> <span class='ocrx_word' id='word_1_154' title='bbox 322 1699 391 1776; x_wconf 90' lang='lat' dir='ltr'><strong>luit,</strong></span> <span class='ocrx_word' id='word_1_155' title='bbox 410 1707 441 1758; x_wconf 94' lang='lat' dir='ltr'><strong>ut</strong></span> <span class='ocrx_word' id='word_1_156' title='bbox 459 1698 551 1772; x_wconf 75' lang='lat' dir='ltr'><strong>Glyco</strong></span> <span class='ocrx_word' id='word_1_157' title='bbox 568 1698 697 1758; x_wconf 90' lang='lat' dir='ltr'><strong>medicus</strong></span> <span class='ocrx_word' id='word_1_158' title='bbox 714 1696 873 1758; x_wconf 86' lang='lat' dir='ltr'><strong>custoditus</strong></span> <span class='ocrx_word' id='word_1_159' title='bbox 889 1701 939 1775; x_wconf 89' lang='lat' dir='ltr'><strong>sit,</strong></span> <span class='ocrx_word' id='word_1_160' title='bbox 962 1702 1045 1777; x_wconf 88' lang='lat' dir='ltr'><strong>quasi</strong></span> <span class='ocrx_word' id='word_1_161' title='bbox 1063 1718 1111 1759; x_wconf 91' lang='lat' dir='ltr'><strong>ve·</strong></span> 
     </span>
     <span class='ocr_line' id='line_1_19' title="bbox 110 1781 1111 1860; baseline -0.003 -16"><span class='ocrx_word' id='word_1_162' title='bbox 110 1801 214 1844; x_wconf 93' lang='lat' dir='ltr'><strong>nenum</strong></span> <span class='ocrx_word' id='word_1_163' title='bbox 236 1783 349 1842; x_wconf 88' lang='lat' dir='ltr'><strong>vulneri</strong></span> <span class='ocrx_word' id='word_1_164' title='bbox 370 1781 529 1843; x_wconf 88' lang='lat' dir='ltr'><strong>indidisset.</strong></span> <span class='ocrx_word' id='word_1_165' title='bbox 565 1781 663 1842; x_wconf 88' lang='lat' dir='ltr'><strong>Adicit</strong></span> <span class='ocrx_word' id='word_1_166' title='bbox 688 1781 733 1841; x_wconf 92' lang='lat' dir='ltr'><strong>his</strong></span> <span class='ocrx_word' id='word_1_167' title='bbox 753 1782 885 1860; x_wconf 82' lang='lat' dir='ltr'><strong>Aquilius</strong></span> <span class='ocrx_word' id='word_1_168' title='bbox 905 1781 1014 1860; x_wconf 81' lang='lat' dir='ltr'><strong>Niger,</strong></span> <span class='ocrx_word' id='word_1_169' title='bbox 1042 1784 1111 1843; x_wconf 88' lang='lat' dir='ltr'><strong>alte·</strong></span> 
     </span>
     <span class='ocr_line' id='line_1_20' title="bbox 110 1866 1110 1945; baseline -0.002 -18"><span class='ocrx_word' id='word_1_170' title='bbox 110 1886 171 1928; x_wconf 89' lang='lat' dir='ltr'><strong>rum</strong></span> <span class='ocrx_word' id='word_1_171' title='bbox 196 1886 212 1927; x_wconf 90' lang='lat' dir='ltr'><strong>e</strong></span> <span class='ocrx_word' id='word_1_172' title='bbox 238 1866 406 1927; x_wconf 89' lang='lat' dir='ltr'><strong>oonsulibus</strong></span> <span class='ocrx_word' id='word_1_173' title='bbox 430 1866 551 1926; x_wconf 90' lang='lat' dir='ltr'><strong>Hirtium</strong></span> <span class='ocrx_word' id='word_1_174' title='bbox 568 1867 597 1924; x_wconf 93' lang='lat' dir='ltr'><strong>in</strong></span> <span class='ocrx_word' id='word_1_175' title='bbox 615 1883 730 1944; x_wconf 86' lang='lat' dir='ltr'><strong>pugnae</strong></span> <span class='ocrx_word' id='word_1_176' title='bbox 749 1866 869 1925; x_wconf 90' lang='lat' dir='ltr'><strong>tumultu</strong></span> <span class='ocrx_word' id='word_1_177' title='bbox 886 1866 1002 1945; x_wconf 87' lang='lat' dir='ltr'><strong>abipso</strong></span> <span class='ocrx_word' id='word_1_178' title='bbox 1022 1868 1110 1927; x_wconf 89' lang='lat' dir='ltr'><strong>inter·</strong></span> 
     </span>
     <span class='ocr_line' id='line_1_21' title="bbox 70 1949 1141 2030; baseline -0.002 -18"><span class='ocrx_word' id='word_1_179' title='bbox 70 1960 244 2030; x_wconf 70' lang='lat' dir='ltr'><strong>inemptum.</strong></span> <span class='ocrx_word' id='word_1_180' title='bbox 277 1949 336 2011; x_wconf 88' lang='lat' dir='ltr'><strong>Sed</strong></span> <span class='ocrx_word' id='word_1_181' title='bbox 351 1959 381 2010; x_wconf 91' lang='lat' dir='ltr'><strong>ut</strong></span> <span class='ocrx_word' id='word_1_182' title='bbox 393 1951 531 2028; x_wconf 87' lang='lat' dir='ltr'><strong>cognovit</strong></span> <span class='ocrx_word' id='word_1_183' title='bbox 544 1949 699 2010; x_wconf 90' lang='lat' dir='ltr'><strong>Antonium</strong></span> <span class='ocrx_word' id='word_1_184' title='bbox 713 1959 781 2028; x_wconf 90' lang='lat' dir='ltr'><strong>post</strong></span> <span class='ocrx_word' id='word_1_185' title='bbox 795 1950 894 2026; x_wconf 85' lang='lat' dir='ltr'><strong>lugam</strong></span> <span class='ocrx_word' id='word_1_186' title='bbox 912 1968 928 2011; x_wconf 89' lang='lat' dir='ltr'><strong>a</strong></span> <span class='ocrx_word' id='word_1_187' title='bbox 940 1950 979 2011; x_wconf 89' lang='grc' dir='ltr'><strong>Μ.</strong></span> <span class='ocrx_word' id='word_1_188' title='bbox 998 1951 1110 2030; x_wconf 89' lang='lat' dir='ltr'><strong>Lepido</strong></span> <span class='ocrx_word' id='word_1_189' title='bbox 1118 1975 1141 2016; x_wconf 72' lang='lat'><strong>20</strong></span> 
     </span>
     <span class='ocr_line' id='line_1_22' title="bbox 110 2033 1110 2114; baseline -0.004 -17"><span class='ocrx_word' id='word_1_190' title='bbox 110 2044 262 2114; x_wconf 90' lang='lat' dir='ltr'><strong>receptum</strong></span> <span class='ocrx_word' id='word_1_191' title='bbox 283 2044 457 2114; x_wconf 89' lang='lat' dir='ltr'><strong>ceterosque</strong></span> <span class='ocrx_word' id='word_1_192' title='bbox 477 2033 565 2094; x_wconf 90' lang='lat' dir='ltr'><strong>duces</strong></span> <span class='ocrx_word' id='word_1_193' title='bbox 581 2043 611 2094; x_wconf 89' lang='lat' dir='ltr'><strong>et</strong></span> <span class='ocrx_word' id='word_1_194' title='bbox 631 2036 778 2094; x_wconf 84' lang='lat' dir='ltr'><strong>exercitus</strong></span> <span class='ocrx_word' id='word_1_195' title='bbox 794 2037 958 2094; x_wconf 90' lang='lat' dir='ltr'><strong>consentire</strong></span> <span class='ocrx_word' id='word_1_196' title='bbox 975 2052 1029 2113; x_wconf 92' lang='lat' dir='ltr'><strong>pro</strong></span> <span class='ocrx_word' id='word_1_197' title='bbox 1046 2054 1110 2114; x_wconf 92' lang='lat' dir='ltr'><strong>par·</strong></span> 
     </span>
     <span class='ocr_line' id='line_1_23' title="bbox 111 2117 1110 2198; baseline -0.002 -18"><span class='ocrx_word' id='word_1_198' title='bbox 111 2120 205 2196; x_wconf 92' lang='lat' dir='ltr'><strong>tibus,</strong></span> <span class='ocrx_word' id='word_1_199' title='bbox 221 2138 337 2180; x_wconf 88' lang='lat' dir='ltr'><strong>causam</strong></span> <span class='ocrx_word' id='word_1_200' title='bbox 351 2121 528 2198; x_wconf 89' lang='lat' dir='ltr'><strong>optimatium</strong></span> <span class='ocrx_word' id='word_1_201' title='bbox 543 2120 604 2178; x_wconf 89' lang='lat' dir='ltr'><strong>sine</strong></span> <span class='ocrx_word' id='word_1_202' title='bbox 618 2120 800 2178; x_wconf 88' lang='lat' dir='ltr'><strong>cunctatione</strong></span> <span class='ocrx_word' id='word_1_203' title='bbox 817 2117 960 2195; x_wconf 89' lang='lat' dir='ltr'><strong>deseruit,</strong></span> <span class='ocrx_word' id='word_1_204' title='bbox 977 2118 1012 2179; x_wconf 93' lang='lat' dir='ltr'><strong>ad</strong></span> <span class='ocrx_word' id='word_1_205' title='bbox 1026 2138 1110 2198; x_wconf 90' lang='lat' dir='ltr'><strong>prae-</strong></span> 
     </span>
     <span class='ocr_line' id='line_1_24' title="bbox 110 2201 1110 2281; baseline -0.002 -17"><span class='ocrx_word' id='word_1_206' title='bbox 110 2213 219 2264; x_wconf 85' lang='lat' dir='ltr'><strong>textum</strong></span> <span class='ocrx_word' id='word_1_207' title='bbox 233 2213 357 2264; x_wconf 87' lang='lat' dir='ltr'><strong>mutatae</strong></span> <span class='ocrx_word' id='word_1_208' title='bbox 369 2203 523 2264; x_wconf 88' lang='lat' dir='ltr'><strong>voluntatis</strong></span> <span class='ocrx_word' id='word_1_209' title='bbox 537 2202 612 2264; x_wconf 89' lang='lat' dir='ltr'><strong>dicta</strong></span> <span class='ocrx_word' id='word_1_210' title='bbox 624 2203 758 2280; x_wconf 89' lang='lat' dir='ltr'><strong>iactaque</strong></span> <span class='ocrx_word' id='word_1_211' title='bbox 770 2201 946 2281; x_wconf 89' lang='lat' dir='ltr'><strong>quorundam</strong></span> <span class='ocrx_word' id='word_1_212' title='bbox 958 2203 1110 2263; x_wconf 87' lang='lat' dir='ltr'><strong>calrunnia·</strong></span> 
     </span>
     <span class='ocr_line' id='line_1_25' title="bbox 110 2285 1110 2368; baseline -0.001 -20"><span class='ocrx_word' id='word_1_213' title='bbox 110 2297 173 2364; x_wconf 89' lang='lat' dir='ltr'><strong>tus,</strong></span> <span class='ocrx_word' id='word_1_214' title='bbox 190 2290 272 2368; x_wconf 89' lang='lat' dir='ltr'><strong>quasi</strong></span> <span class='ocrx_word' id='word_1_215' title='bbox 286 2288 334 2347; x_wconf 90' lang='lat' dir='ltr'><strong>alii</strong></span> <span class='ocrx_word' id='word_1_216' title='bbox 348 2306 380 2347; x_wconf 91' lang='lat' dir='ltr'><strong>se</strong></span> <span class='ocrx_word' id='word_1_217' title='bbox 397 2305 531 2366; x_wconf 90' lang='lat' dir='ltr'><strong>puerum,</strong></span> <span class='ocrx_word' id='word_1_218' title='bbox 547 2287 595 2347; x_wconf 91' lang='lat' dir='ltr'><strong>alii</strong></span> <span class='ocrx_word' id='word_1_219' title='bbox 611 2285 767 2348; x_wconf 92' lang='lat' dir='ltr'><strong>ornandum</strong></span> <span class='ocrx_word' id='word_1_220' title='bbox 781 2285 997 2366; x_wconf 90' lang='lat' dir='ltr'><strong>tollendumque</strong></span> <span class='ocrx_word' id='word_1_221' title='bbox 1006 2289 1110 2348; x_wconf 88' lang='lat' dir='ltr'><strong>iactas·</strong></span> 
     </span>
     <span class='ocr_line' id='line_1_26' title="bbox 110 2370 1141 2451; baseline 0.002 -20"><span class='ocrx_word' id='word_1_222' title='bbox 110 2381 191 2447; x_wconf 90' lang='lat' dir='ltr'><strong>sent,</strong></span> <span class='ocrx_word' id='word_1_223' title='bbox 207 2391 244 2431; x_wconf 90' lang='lat' dir='ltr'><strong>ne</strong></span> <span class='ocrx_word' id='word_1_224' title='bbox 259 2380 306 2431; x_wconf 90' lang='lat' dir='ltr'><strong>aut</strong></span> <span class='ocrx_word' id='word_1_225' title='bbox 322 2371 376 2430; x_wconf 90' lang='lat' dir='ltr'><strong>sibi</strong></span> <span class='ocrx_word' id='word_1_226' title='bbox 391 2379 438 2430; x_wconf 91' lang='lat' dir='ltr'><strong>aut</strong></span> <span class='ocrx_word' id='word_1_227' title='bbox 453 2373 599 2430; x_wconf 88' lang='lat' dir='ltr'><strong>veteranis</strong></span> <span class='ocrx_word' id='word_1_228' title='bbox 620 2388 673 2449; x_wconf 87' lang='lat' dir='ltr'><strong>par</strong></span> <span class='ocrx_word' id='word_1_229' title='bbox 688 2372 783 2448; x_wconf 87' lang='lat' dir='ltr'><strong>gratia</strong></span> <span class='ocrx_word' id='word_1_230' title='bbox 797 2371 967 2431; x_wconf 81' lang='lat' dir='ltr'><strong>referretur.</strong></span> <span class='ocrx_word' id='word_1_231' title='bbox 999 2370 1038 2432; x_wconf 86' lang='lat' dir='ltr'><strong>Et</strong></span> <span class='ocrx_word' id='word_1_232' title='bbox 1054 2389 1141 2451; x_wconf 80' lang='lat' dir='ltr'><strong>quon</strong></span> 
     </span>
     <span class='ocr_line' id='line_1_27' title="bbox 109 2454 1113 2534; baseline 0.004 -22"><span class='ocrx_word' id='word_1_233' title='bbox 109 2456 202 2529; x_wconf 88' lang='lat' dir='ltr'><strong>magis</strong></span> <span class='ocrx_word' id='word_1_234' title='bbox 234 2456 438 2531; x_wconf 86' lang='lat' dir='ltr'><strong>paenitentiam</strong></span> <span class='ocrx_word' id='word_1_235' title='bbox 472 2456 577 2531; x_wconf 91' lang='lat' dir='ltr'><strong>prioris</strong></span> <span class='ocrx_word' id='word_1_236' title='bbox 612 2464 712 2515; x_wconf 87' lang='lat' dir='ltr'><strong>sectae</strong></span> <span class='ocrx_word' id='word_1_237' title='bbox 741 2454 933 2534; x_wconf 81' lang='lat' dir='ltr'><strong>approbaret,</strong></span> <span class='ocrx_word' id='word_1_238' title='bbox 968 2454 1113 2516; x_wconf 89' lang='lat' dir='ltr'><strong>Nursinos</strong></span> 
     </span>
     <span class='ocr_line' id='line_1_28' title="bbox 108 2535 1112 2618; baseline 0.006 -24"><span class='ocrx_word' id='word_1_239' title='bbox 108 2535 211 2615; x_wconf 88' lang='lat' dir='ltr'><strong>grandi</strong></span> <span class='ocrx_word' id='word_1_240' title='bbox 225 2539 349 2614; x_wconf 92' lang='lat' dir='ltr'><strong>pecunia</strong></span> <span class='ocrx_word' id='word_1_241' title='bbox 364 2547 393 2596; x_wconf 90' lang='lat' dir='ltr'><strong>et</strong></span> <span class='ocrx_word' id='word_1_242' title='bbox 407 2555 491 2614; x_wconf 90' lang='lat' dir='ltr'><strong>quam</strong></span> <span class='ocrx_word' id='word_1_243' title='bbox 507 2537 638 2615; x_wconf 90' lang='lat' dir='ltr'><strong>pendere</strong></span> <span class='ocrx_word' id='word_1_244' title='bbox 652 2540 805 2618; x_wconf 89' lang='lat' dir='ltr'><strong>nequirent</strong></span> <span class='ocrx_word' id='word_1_245' title='bbox 824 2539 959 2600; x_wconf 89' lang='lat' dir='ltr'><strong>multatos</strong></span> <span class='ocrx_word' id='word_1_246' title='bbox 975 2549 1112 2601; x_wconf 83' lang='lat' dir='ltr'><strong>extorres</strong></span> 
     </span>
     <span class='ocr_line' id='line_1_29' title="bbox 110 2619 1111 2702; baseline 0.003 -21"><span class='ocrx_word' id='word_1_247' title='bbox 110 2619 218 2700; x_wconf 90' lang='lat' dir='ltr'><strong>oppido</strong></span> <span class='ocrx_word' id='word_1_248' title='bbox 235 2623 306 2697; x_wconf 89' lang='lat' dir='ltr'><strong>egit,</strong></span> <span class='ocrx_word' id='word_1_249' title='bbox 321 2620 397 2698; x_wconf 93' lang='lat' dir='ltr'><strong>quod</strong></span> <span class='ocrx_word' id='word_1_250' title='bbox 405 2620 558 2681; x_wconf 85' lang='lat' dir='ltr'><strong>Mutinensi</strong></span> <span class='ocrx_word' id='word_1_251' title='bbox 566 2624 629 2682; x_wconf 89' lang='lat' dir='ltr'><strong>acie</strong></span> <span class='ocrx_word' id='word_1_252' title='bbox 642 2624 878 2702; x_wconf 86' lang='lat' dir='ltr'><strong>interemptorum</strong></span> <span class='ocrx_word' id='word_1_253' title='bbox 890 2625 994 2683; x_wconf 83' lang='lat' dir='ltr'><strong>civium</strong></span> <span class='ocrx_word' id='word_1_254' title='bbox 1001 2624 1111 2685; x_wconf 90' lang='lat' dir='ltr'><strong>tumulo</strong></span> 
     </span>
     <span class='ocr_line' id='line_1_30' title="bbox 109 2704 1111 2785; baseline 0.004 -21"><span class='ocrx_word' id='word_1_255' title='bbox 109 2704 227 2784; x_wconf 87' lang='lat' dir='ltr'><strong>publice</strong></span> <span class='ocrx_word' id='word_1_256' title='bbox 247 2713 379 2764; x_wconf 84' lang='lat' dir='ltr'><strong>extructo</strong></span> <span class='ocrx_word' id='word_1_257' title='bbox 395 2706 606 2784; x_wconf 90' lang='lat' dir='ltr'><strong>ascripserant,</strong></span> <span class='ocrx_word' id='word_1_258' title='bbox 623 2725 677 2785; x_wconf 95' lang='lat' dir='ltr'><strong>pro</strong></span> <span class='ocrx_word' id='word_1_259' title='bbox 699 2706 834 2768; x_wconf 88' lang='lat' dir='ltr'><strong>libertate</strong></span> <span class='ocrx_word' id='word_1_260' title='bbox 855 2725 908 2768; x_wconf 90' lang='lat' dir='ltr'><strong>eos</strong></span> <span class='ocrx_word' id='word_1_261' title='bbox 924 2707 1111 2768; x_wconf 85' lang='lat' dir='ltr'><strong>occubuisse.</strong></span> 
     </span>
     <span class='ocr_line' id='line_1_31' title="bbox 68 2788 1138 2872; baseline 0.001 -25"><span class='ocrx_word' id='word_1_262' title='bbox 68 2812 103 2864; x_wconf 84' lang='lat'><strong>13</strong></span> <span class='ocrx_word' id='word_1_263' title='bbox 172 2788 245 2850; x_wconf 90' lang='lat' dir='ltr'><strong>lnita</strong></span> <span class='ocrx_word' id='word_1_264' title='bbox 260 2807 324 2848; x_wconf 90' lang='lat' dir='ltr'><strong>cum</strong></span> <span class='ocrx_word' id='word_1_265' title='bbox 338 2788 465 2849; x_wconf 92' lang='lat' dir='ltr'><strong>Antonio</strong></span> <span class='ocrx_word' id='word_1_266' title='bbox 481 2798 510 2848; x_wconf 91' lang='lat' dir='ltr'><strong>et</strong></span> <span class='ocrx_word' id='word_1_267' title='bbox 522 2790 633 2868; x_wconf 87' lang='lat' dir='ltr'><strong>Lepido</strong></span> <span class='ocrx_word' id='word_1_268' title='bbox 655 2792 815 2869; x_wconf 86' lang='lat' dir='ltr'><strong>societate,</strong></span> <span class='ocrx_word' id='word_1_269' title='bbox 835 2789 1023 2870; x_wconf 87' lang='lat' dir='ltr'><strong>Philippense</strong></span> <span class='ocrx_word' id='word_1_270' title='bbox 1039 2811 1110 2872; x_wconf 93' lang='lat' dir='ltr'><strong>quo·</strong></span> <span class='ocrx_word' id='word_1_271' title='bbox 1124 2826 1138 2848; x_wconf 49' lang='lat' dir='ltr'><strong>r</strong></span> 
     </span>
     <span class='ocr_line' id='line_1_32' title="bbox 111 2873 1111 2955; baseline 0.003 -22"><span class='ocrx_word' id='word_1_272' title='bbox 111 2891 167 2953; x_wconf 88' lang='lat' dir='ltr'><strong>que</strong></span> <span class='ocrx_word' id='word_1_273' title='bbox 185 2873 308 2950; x_wconf 87' lang='lat' dir='ltr'><strong>bellum,</strong></span> <span class='ocrx_word' id='word_1_274' title='bbox 331 2891 500 2953; x_wconf 88' lang='lat' dir='ltr'><strong>quamquam</strong></span> <span class='ocrx_word' id='word_1_275' title='bbox 514 2874 655 2934; x_wconf 90' lang='lat' dir='ltr'><strong>invalidus</strong></span> <span class='ocrx_word' id='word_1_276' title='bbox 672 2883 756 2954; x_wconf 87' lang='lat' dir='ltr'><strong>atque</strong></span> <span class='ocrx_word' id='word_1_277' title='bbox 771 2893 878 2954; x_wconf 82' lang='lat' dir='ltr'><strong>aeger,</strong></span> <span class='ocrx_word' id='word_1_278' title='bbox 899 2875 1008 2955; x_wconf 90' lang='lat' dir='ltr'><strong>duplici</strong></span> <span class='ocrx_word' id='word_1_279' title='bbox 1022 2895 1111 2954; x_wconf 90' lang='lat' dir='ltr'><strong>proe—</strong></span> 
     </span>
     <span class='ocr_line' id='line_1_33' title="bbox 109 2957 1113 3037; baseline 0.003 -20"><span class='ocrx_word' id='word_1_280' title='bbox 109 2957 148 3018; x_wconf 97' lang='lat' dir='ltr'><strong>lio</strong></span> <span class='ocrx_word' id='word_1_281' title='bbox 169 2959 326 3036; x_wconf 87' lang='lat' dir='ltr'><strong>transegit,</strong></span> <span class='ocrx_word' id='word_1_282' title='bbox 356 2976 475 3037; x_wconf 90' lang='lat' dir='ltr'><strong>quorum</strong></span> <span class='ocrx_word' id='word_1_283' title='bbox 496 2961 595 3036; x_wconf 85' lang='lat' dir='ltr'><strong>priore</strong></span> <span class='ocrx_word' id='word_1_284' title='bbox 620 2961 723 3019; x_wconf 90' lang='lat' dir='ltr'><strong>castris</strong></span> <span class='ocrx_word' id='word_1_285' title='bbox 747 2969 849 3020; x_wconf 86' lang='lat' dir='ltr'><strong>exutus</strong></span> <span class='ocrx_word' id='word_1_286' title='bbox 876 2961 923 3021; x_wconf 84' lang='lat' dir='ltr'><strong>vix</strong></span> <span class='ocrx_word' id='word_1_287' title='bbox 944 2958 980 3020; x_wconf 90' lang='lat' dir='ltr'><strong>ad</strong></span> <span class='ocrx_word' id='word_1_288' title='bbox 1002 2959 1113 3020; x_wconf 83' lang='lat' dir='ltr'><strong>Antoni</strong></span> 
     </span>
     <span class='ocr_line' id='line_1_34' title="bbox 109 3042 1112 3119; baseline 0.004 -19"><span class='ocrx_word' id='word_1_289' title='bbox 109 3059 199 3101; x_wconf 88' lang='lat' dir='ltr'><strong>cornu</strong></span> <span class='ocrx_word' id='word_1_290' title='bbox 221 3043 291 3119; x_wconf 87' lang='lat' dir='ltr'><strong>iuga</strong></span> <span class='ocrx_word' id='word_1_291' title='bbox 312 3052 457 3102; x_wconf 88' lang='lat' dir='ltr'><strong>evaserat.</strong></span> <span class='ocrx_word' id='word_1_292' title='bbox 497 3042 561 3103; x_wconf 91' lang='lat' dir='ltr'><strong>Nec</strong></span> <span class='ocrx_word' id='word_1_293' title='bbox 582 3061 749 3104; x_wconf 89' lang='lat' dir='ltr'><strong>successum</strong></span> <span class='ocrx_word' id='word_1_294' title='bbox 779 3045 920 3104; x_wconf 86' lang='lat' dir='ltr'><strong>uictoriae</strong></span> <span class='ocrx_word' id='word_1_295' title='bbox 942 3043 1112 3104; x_wconf 89' lang='lat' dir='ltr'><strong>moderatus</strong></span> 
     </span>
     <span class='ocr_line' id='line_1_35' title="bbox 109 3126 1111 3206; baseline 0.007 -24"><span class='ocrx_word' id='word_1_296' title='bbox 109 3134 169 3201; x_wconf 90' lang='lat' dir='ltr'><strong>est,</strong></span> <span class='ocrx_word' id='word_1_297' title='bbox 185 3126 237 3186; x_wconf 88' lang='lat' dir='ltr'><strong>sed</strong></span> <span class='ocrx_word' id='word_1_298' title='bbox 255 3129 351 3206; x_wconf 89' lang='lat' dir='ltr'><strong>capite</strong></span> <span class='ocrx_word' id='word_1_299' title='bbox 366 3127 443 3186; x_wconf 90' lang='lat' dir='ltr'><strong>Bruti</strong></span> <span class='ocrx_word' id='word_1_300' title='bbox 455 3127 575 3188; x_wconf 86' lang='lat' dir='ltr'><strong>Romam</strong></span> <span class='ocrx_word' id='word_1_301' title='bbox 590 3129 693 3205; x_wconf 89' lang='lat' dir='ltr'><strong>misso,</strong></span> <span class='ocrx_word' id='word_1_302' title='bbox 714 3136 744 3187; x_wconf 90' lang='lat' dir='ltr'><strong>nt</strong></span> <span class='ocrx_word' id='word_1_303' title='bbox 764 3136 876 3188; x_wconf 89' lang='lat' dir='ltr'><strong>statuae</strong></span> <span class='ocrx_word' id='word_1_304' title='bbox 892 3126 1027 3189; x_wconf 82' lang='lat' dir='ltr'><strong>Caesaris</strong></span> <span class='ocrx_word' id='word_1_305' title='bbox 1043 3128 1111 3189; x_wconf 58' lang='lat' dir='ltr'><strong>sula</strong></span> 
     </span>
     <span class='ocr_line' id='line_1_36' title="bbox 107 3209 1140 3292; baseline 0.005 -27"><span class='ocrx_word' id='word_1_306' title='bbox 107 3209 250 3288; x_wconf 89' lang='lat' dir='ltr'><strong>iceretur,</strong></span> <span class='ocrx_word' id='word_1_307' title='bbox 269 3213 296 3269; x_wconf 93' lang='lat' dir='ltr'><strong>in</strong></span> <span class='ocrx_word' id='word_1_308' title='bbox 312 3210 571 3290; x_wconf 88' lang='lat' dir='ltr'><strong>splendidissimum</strong></span> <span class='ocrx_word' id='word_1_309' title='bbox 583 3228 724 3291; x_wconf 88' lang='lat' dir='ltr'><strong>quemque</strong></span> <span class='ocrx_word' id='word_1_310' title='bbox 740 3214 884 3292; x_wconf 86' lang='lat' dir='ltr'><strong>captivum</strong></span> <span class='ocrx_word' id='word_1_311' title='bbox 897 3230 955 3272; x_wconf 95' lang='lat' dir='ltr'><strong>non</strong></span> <span class='ocrx_word' id='word_1_312' title='bbox 967 3214 1030 3272; x_wconf 89' lang='lat' dir='ltr'><strong>sine</strong></span> <span class='ocrx_word' id='word_1_313' title='bbox 1042 3227 1140 3273; x_wconf 83' lang='lat' dir='ltr'><strong>ver-st</strong></span> 
     </span>
     <span class='ocr_line' id='line_1_37' title="bbox 106 3288 1110 3376; baseline 0.009 -29"><span class='ocrx_word' id='word_1_314' title='bbox 106 3288 208 3349; x_wconf 87' lang='lat' dir='ltr'><strong>horum</strong></span> <span class='ocrx_word' id='word_1_315' title='bbox 229 3296 401 3356; x_wconf 89' lang='lat' dir='ltr'><strong>contmnelia</strong></span> <span class='ocrx_word' id='word_1_316' title='bbox 423 3299 539 3365; x_wconf 85' lang='lat' dir='ltr'><strong>saeviit;</strong></span> <span class='ocrx_word' id='word_1_317' title='bbox 560 3305 590 3356; x_wconf 92' lang='lat' dir='ltr'><strong>ut</strong></span> <span class='ocrx_word' id='word_1_318' title='bbox 620 3296 734 3376; x_wconf 92' lang='lat' dir='ltr'><strong>quidem</strong></span> <span class='ocrx_word' id='word_1_319' title='bbox 753 3298 800 3356; x_wconf 90' lang='lat' dir='ltr'><strong>uni</strong></span> <span class='ocrx_word' id='word_1_320' title='bbox 823 3297 995 3375; x_wconf 89' lang='lat' dir='ltr'><strong>suppliciter</strong></span> <span class='ocrx_word' id='word_1_321' title='bbox 1009 3297 1110 3376; x_wconf 93' lang='lat' dir='ltr'><strong>sepul·</strong></span> 
     </span>
     <span class='ocr_line' id='line_1_38' title="bbox 105 3379 1112 3458; baseline 0.012 -28"><span class='ocrx_word' id='word_1_322' title='bbox 105 3381 197 3432; x_wconf 90' lang='lat' dir='ltr'><strong>turam</strong></span> <span class='ocrx_word' id='word_1_323' title='bbox 220 3380 351 3452; x_wconf 88' lang='lat' dir='ltr'><strong>precanti</strong></span> <span class='ocrx_word' id='word_1_324' title='bbox 379 3380 567 3458; x_wconf 87' lang='lat' dir='ltr'><strong>respondisse</strong></span> <span class='ocrx_word' id='word_1_325' title='bbox 594 3379 718 3456; x_wconf 86' lang='lat' dir='ltr'><strong>dicatur,</strong></span> <span class='ocrx_word' id='word_1_326' title='bbox 746 3381 922 3442; x_wconf 74' lang='lat' dir='ltr'><strong>lamisione</strong></span> <span class='ocrx_word' id='word_1_327' title='bbox 946 3380 1112 3442; x_wconf 79' lang='lat' dir='ltr'><strong>volucrum</strong></span> 
     </span>
     <span class='ocr_line' id='line_1_39' title="bbox 103 3455 1113 3545; baseline 0.008 -27"><span class='ocrx_word' id='word_1_328' title='bbox 103 3455 176 3534; x_wconf 76' lang='lat' dir='ltr'><strong>[ore</strong></span> <span class='ocrx_word' id='word_1_329' title='bbox 193 3464 399 3536; x_wconf 65' lang='lat' dir='ltr'><strong>potamiaena,-</strong></span> <span class='ocrx_word' id='word_1_330' title='bbox 421 3463 510 3540; x_wconf 88' lang='lat' dir='ltr'><strong>alios,</strong></span> <span class='ocrx_word' id='word_1_331' title='bbox 531 3472 642 3541; x_wconf 88' lang='lat' dir='ltr'><strong>patrem</strong></span> <span class='ocrx_word' id='word_1_332' title='bbox 661 3471 690 3521; x_wconf 90' lang='lat' dir='ltr'><strong>et</strong></span> <span class='ocrx_word' id='word_1_333' title='bbox 710 3463 808 3542; x_wconf 90' lang='lat' dir='ltr'><strong>lilium,</strong></span> <span class='ocrx_word' id='word_1_334' title='bbox 825 3483 880 3545; x_wconf 90' lang='lat' dir='ltr'><strong>pro</strong></span> <span class='ocrx_word' id='word_1_335' title='bbox 900 3465 960 3525; x_wconf 82' lang='lat' dir='ltr'><strong>rita</strong></span> <span class='ocrx_word' id='word_1_336' title='bbox 973 3467 1113 3543; x_wconf 82' lang='lat' dir='ltr'><strong>rogantis</strong></span> 
     </span>
    </p>
   </div>
   <div class='ocr_carea' id='block_1_3' title="bbox 0 0 1148 3944">
    <p class='ocr_par' dir='ltr' id='par_1_3' title="bbox 0 0 1148 3944">
     <span class='ocr_line' id='line_1_40' title="bbox 0 0 1148 3944; baseline 0 1"><span class='ocrx_word' id='word_1_337' title='bbox 0 0 1148 3944; x_wconf 95' lang='lat' dir='ltr'><strong> </strong></span> 
     </span>
    </p>
   </div>
  </div>
 </body>
</html>
