2286 3944
100 211 140 272 60
184 221 215 268 c.
232 218 381 269 sunnonr
396 217 523 276 anano.
539 217 587 262 nn
599 216 682 263 vrrs
698 214 882 263 cassanum
897 216 966 262 orn.
983 218 1021 264 11.

100 388 233 455 tempore
246 383 276 434 et
288 374 356 433 loco
373 373 442 449 lege
457 379 558 430 vetere
573 371 758 448 permissam,
780 369 884 429 ademit
900 380 1101 450 praeterquam

101 460 175 522 ludis
202 468 231 518 et
252 474 349 516 scona.
386 455 451 515 Nec
473 463 568 512 tamen
588 470 625 512 eo
646 455 738 511 minus
753 462 800 512 aut
814 453 993 528 xysticorum
1010 465 1100 515 certa-

100 546 194 605 tiones
216 550 263 600 aut
283 539 474 617 gladiatorum
499 554 611 615 pugnas
637 536 821 596 severissime
849 556 965 615 semper
993 542 1102 616 exegit.

100 627 172 688 Nam
191 625 359 684 histrionum
374 623 520 681 licentiam
534 620 609 679 adeo
625 620 817 696 compescuit,
836 630 865 680 ut
875 621 1102 698 Stephanionem

102 711 290 786 togatarium,
308 708 353 765 cui
369 708 398 764 in
417 704 557 783 puerilem
568 702 693 762 habitum
708 704 927 763 circumtonsam
944 714 1127 767 matronams

102 794 282 853 ministrasse
299 796 498 868 compererat,
513 805 567 865 per
579 788 652 845 trina
667 785 779 846 theatra
795 788 886 864 virgis
898 805 1015 846 caesum
1028 789 1102 847 rele-

102 877 232 955 gaverit,
248 874 342 949 Hylan
360 873 578 951 pantomimum,
597 878 737 949 querente
752 879 903 948 praetore,
919 872 948 929 in
962 873 1036 931 atrio
1053 871 1102 931 do·

102 978 165 1019 mus
188 976 258 1018 suae
285 959 397 1016 nemine
427 955 548 1014 excluso
578 953 702 1031 flagellis
724 953 898 1029 verberarit,
924 964 953 1013 et
974 954 1104 1029 Pyladen

104 1043 175 1103 urbe
193 1052 278 1119 atque
292 1040 374 1099 ltalia
393 1039 588 1112 summoverit,
607 1035 685 1114 quod
701 1046 912 1115 spectatorem,
929 1055 945 1096 a
966 1056 1025 1115 quo
1045 1040 1104 1097 exi-

103 1125 259 1202 bilabatur,
277 1122 502 1182 demonstrasset
517 1119 606 1197 digito
624 1123 869 1199 conspicuumque
884 1122 1015 1180 fecisset.
1115 1142 1138 1181 ro

63 1224 96 1279 aa
170 1208 216 1268 Ad
241 1207 316 1267 bunc
340 1203 453 1265 modum
478 1204 548 1263 urbe
575 1203 749 1281 urbanisque
774 1203 862 1263 rebus
890 1204 1104 1281 administratis,

106 1292 216 1353 Italiam
235 1289 444 1365 duodetriginta
463 1287 641 1347 coloniarum
656 1304 792 1364 numero,
808 1287 992 1347 deductarum
1008 1289 1044 1348 ab
1061 1308 1104 1364 se,

104 1374 298 1453 frequentavit
314 1371 511 1449 operibusque
526 1388 561 1430 ac
576 1370 770 1447 vectigalibus
786 1370 910 1449 publicis
926 1372 1105 1450 plurifariam

103 1457 251 1531 instruxit,
273 1457 358 1515 etiam
379 1456 441 1512 iure
466 1473 501 1513 ac
521 1454 686 1530 dignatione
709 1453 773 1512 urbi
795 1454 918 1531 quodam
939 1455 1028 1514 modo
1051 1474 1104 1533 pro

104 1548 185 1619 parte
212 1539 307 1615 aliqua
333 1537 520 1614 adaequarit,
551 1538 720 1613 excogitato
746 1555 857 1614 genere
889 1539 1104 1615 suffragiorum,
1115 1561 1137 1601 rs

105 1641 178 1701 quae
206 1620 242 1680 de
268 1620 483 1698 magistratibus
507 1619 616 1679 urbicis
643 1620 816 1680 decuriones
843 1622 968 1681 colonici
999 1624 1028 1680 in
1055 1641 1105 1681 sua

106 1707 227 1784 quisque
244 1705 360 1764 colonia
374 1704 485 1763 terrent
503 1713 531 1772 et
545 1704 597 1762 sub
612 1703 658 1762 die
675 1704 853 1763 comitiorum
878 1704 1031 1782 obsignata
1046 1707 1104 1765 Ro-

104 1807 177 1848 mam
192 1789 346 1846 mitterent.
384 1786 431 1846 Ac
452 1786 556 1846 necubi
579 1795 627 1845 ant
647 1784 835 1846 bonestorum
856 1787 996 1847 deiiceret
1020 1792 1105 1866 copia

105 1880 152 1932 aut
173 1870 358 1929 multitudinis
380 1869 515 1946 suboles,
540 1877 705 1946 equestrem
726 1870 853 1929 militiam
873 1873 997 1948 petentis
1020 1873 1105 1931 etiam

105 1964 144 2014 ex
160 1953 409 2014 commendatione
425 1953 540 2032 publica
557 1954 694 2029 cuiusque
711 1952 811 2030 oppidi
828 1953 994 2023 ordinabat;
1013 1964 1042 2014 at
1057 1956 1136 2030 iis,2u

106 2039 154 2115 qui
171 2055 188 2096 e
205 2036 294 2115 plebe
309 2039 447 2113 regiones
462 2035 516 2096 sibi
532 2037 670 2094 reuisenti
682 2034 758 2095 lilios
770 2035 882 2096 filiasve
898 2037 1105 2115 approbarent,

108 2120 223 2196 singula
239 2137 416 2179 nummorum
431 2121 507 2179 milia
523 2136 577 2198 pro
593 2118 715 2194 singulis
730 2118 883 2179 dividebat.

67 2202 97 2256 4⁷
171 2203 341 2264 Provincias
355 2204 512 2264 validiores
534 2212 562 2262 et
577 2221 648 2280 quas
664 2203 764 2262 annuis
784 2204 999 2280 magistratuum
1015 2206 1105 2282 impe-

106 2289 156 2346 riis
175 2288 240 2364 regi
264 2305 320 2346 nec
340 2287 427 2346 facile
448 2305 503 2346 nec
523 2295 610 2344 tutum
632 2294 710 2360 erat,
736 2287 799 2363 ipse
822 2288 965 2364 suscepit,
991 2297 1105 2347 ceteras

109 2369 331 2449 proconsulibus
355 2371 456 2430 sortito
478 2370 622 2446 permisit;
647 2376 676 2427 et
696 2376 791 2428 tamen
811 2369 964 2429 nonnullas
979 2388 1137 2432 commu-cs

106 2455 176 2512 tavit
198 2450 338 2510 interdum
359 2461 445 2530 atque
467 2469 504 2510 ex
525 2460 648 2529 utroque
669 2469 780 2528 genere
807 2452 964 2531 plerasque
988 2458 1105 2533 saepius

106 2535 183 2595 adiit.
224 2532 343 2593 Urbium
369 2534 521 2611 quasdam,
543 2533 709 2593 foederatas
732 2534 785 2594 sed
805 2536 841 2595 ad
857 2538 974 2596 exitium
989 2538 1106 2598 licentia

106 2616 293 2696 praecipites,
310 2615 443 2676 libertate
458 2617 597 2694 privavit,
614 2616 685 2676 alias
697 2627 744 2677 aut
756 2636 825 2678 aere
838 2619 933 2679 alieno
946 2620 1106 2680 laborantis

106 2701 231 2777 levavit,
252 2709 299 2760 aut
320 2709 415 2759 terrae
436 2709 514 2759 motu
538 2700 694 2759 subversas
712 2701 806 2761 denuo
822 2702 961 2779 condidit,
985 2714 1032 2764 aut
1047 2723 1104 2764 me·

105 2785 158 2844 rita
180 2802 250 2862 erga
271 2783 408 2861 populum
429 2783 464 2843 R.
486 2783 656 2860 adlegantes
674 2782 825 2846 Latinitate
847 2786 894 2846 vel
915 2788 1031 2847 civitate
1054 2789 1139 2849 do-ao

105 2867 193 2926 navit.
230 2867 293 2926 Nec
314 2874 371 2942 est,
397 2875 426 2925 ut
447 2867 566 2944 opinor,
592 2869 758 2945 provincia,
783 2878 907 2948 excepta
935 2870 1000 2929 dum
1026 2881 1105 2932 taxat

106 2949 206 3009 Africa
228 2959 256 3009 et
277 2949 424 3025 Sardinia,
450 2968 533 3027 quam
555 2968 612 3009 non
631 2949 742 3010 adierit.
781 2950 812 3011 ln
837 2952 890 3012 bas
911 2953 1012 3030 fugato
1034 2957 1104 3014 Sex.

104 3033 244 3110 Pompeio
262 3033 386 3092 traicere
403 3051 440 3092 ex
458 3033 556 3093 Sicilia
577 3029 765 3112 apparantem
787 3036 938 3096 continuae
961 3046 990 3096 et
1006 3039 1103 3098 immo-

105 3115 187 3174 dicae
208 3124 396 3192 tempestates
416 3117 610 3193 inhibuerunt,
634 3136 690 3176 nec
715 3135 783 3177 mox
803 3121 922 3179 occasio
941 3129 988 3179 aut
1016 3140 1104 3182 causa

104 3197 252 3257 traiciendi
267 3198 329 3260 luit.
1114 3223 1139 3264 as

61 3291 97 3348 48
165 3280 333 3357 Regnorum
362 3282 466 3361 quibus
480 3282 550 3343 belli
565 3284 626 3343 iure
650 3284 757 3361 potitus
781 3293 843 3360 est,
864 3296 982 3362 praeter
1000 3306 1104 3366 pauca,

105 3372 152 3424 aut
172 3364 263 3426 isdem
288 3366 390 3443 quibus
411 3367 558 3426 ademerat
579 3366 716 3442 reddidit,
737 3375 784 3427 aut
806 3367 975 3445 alienigenis
999 3375 1103 3431 contri·

105 3446 174 3507 buit.
206 3448 307 3524 Reges
322 3452 421 3508 socios
442 3453 527 3509 etiam
545 3450 619 3508 inter
633 3459 725 3508 semet
739 3450 821 3528 ipsos
837 3449 1104 3515 ¹necessitudinibus
