2256 3930
118 314 159 376 32
204 326 233 375 c.
249 324 398 373 sunuom
416 323 543 383 naono.
559 324 608 371 on
622 323 706 371 vrrs
727 322 913 373 cessam
926 322 1001 373 nun.
1015 324 1040 373 1.

119 490 204 558 geret
228 482 319 538 minus
340 477 471 537 familiari
494 477 574 537 vultu
595 478 774 557 respexisse.
813 476 908 558 quue
928 478 1043 539 iactum
1064 480 1125 539 eius

119 574 197 623 tanto
213 560 422 622 intolerabilius
442 570 487 621 cst
499 563 606 639 visum,
629 560 708 640 quod
727 562 792 639 ipse
808 560 998 639 triumphanti
1014 572 1047 623 et
1061 562 1124 624 sub

119 649 202 707 sellia
219 648 371 706 tribunicia
388 645 621 723 praeteruehenti
641 644 694 705 sibi
711 663 796 705 unum
810 662 828 705 c
842 644 980 723 collegio
993 646 1125 707 Pontium

117 732 252 811 Aquilam
271 747 328 789 non
347 731 544 789 assurrexisse
567 729 642 790 odeo
659 728 822 807 indignatus
838 732 893 807 sit,
911 737 944 789 ut
959 730 1125 811 proclama·

118 818 206 875 verit:
233 814 348 892 Repete
370 831 443 893 erpo
462 831 483 874 a
502 831 549 872 me
562 811 679 892 Aquilo
700 830 765 873 rem
782 812 947 891 publicum
963 812 1125 877 tribum!

118 908 147 959 et
168 917 223 958 nec
240 899 380 958 destiterit
405 916 459 975 per
478 898 632 957 continuos
654 898 717 958 dies
736 898 890 977 quicquum
911 898 1052 979 cuiquam
1073 900 1124 959 uisi

118 983 171 1043 sub
193 985 369 1061 exceptione
392 981 544 1060 polliceri,
567 982 597 1040 si
617 988 718 1042 tomen
734 998 795 1059 pet·
813 980 960 1043 Paullum
978 980 1123 1063 spodon

78 1086 109 1141 79
120 1067 249 1128 licuerit.
282 1066 397 1126 Adiecit
411 1064 448 1125 ad
462 1074 518 1125 tam
534 1066 677 1142 insignem
690 1064 823 1145 despecti
838 1074 962 1127 seusus
977 1076 1121 1129 coutume·

118 1152 185 1211 liam
206 1150 295 1210 multo
316 1150 498 1225 arrogantius
517 1149 634 1209 fautum.
671 1149 744 1210 llam
765 1167 829 1210 cum
842 1151 872 1209 iu
886 1152 1039 1213 uoridoio
1053 1150 1120 1213 bati

117 1254 215 1295 narum
232 1242 398 1294 revertente
417 1250 454 1293 eo
470 1234 544 1292 inter
561 1232 732 1294 immodicas
745 1250 781 1294 ao
798 1250 893 1295 nom
907 1234 1119 1315 populbuccla·

117 1321 257 1380 nationes
276 1317 390 1397 quidam
412 1335 428 1376 e
447 1316 530 1376 turba
545 1325 657 1377 statuae
677 1320 739 1377 eius
755 1333 894 1379 coronam
908 1316 1045 1381 lauream
1060 1336 1118 1379 cun

118 1402 182 1462 dida
202 1404 291 1462 tuscia
312 1400 472 1479 praeligata
493 1402 686 1479 inposuisset,
708 1408 738 1461 et
757 1402 863 1461 tribuni
884 1400 984 1481 plebis
1000 1402 1119 1483 Epidius

117 1487 255 1547 llarullus
276 1484 483 1561 Caesetiusque
507 1483 613 1545 Flavus
636 1501 764 1545 coronae
790 1484 911 1547 luscium
931 1486 1049 1549 detreld
1072 1486 1118 1545 lro·

117 1572 277 1646 minemqne
292 1567 357 1626 duci
376 1568 404 1625 in
427 1567 540 1627 vincula
556 1569 723 1637 iussissent;
746 1568 850 1629 dolens
866 1588 921 1631 seu
935 1588 1043 1651 parum
1056 1586 1118 1649 pro-

118 1670 205 1731 spere
220 1660 325 1711 motam
339 1654 422 1727 regni
437 1653 626 1729 mentionem,
648 1653 711 1711 sire
724 1661 754 1713 ut
768 1652 896 1731 ferebat,
918 1664 1055 1733 ereptam
1069 1652 1119 1713 sibi

119 1736 242 1814 gloriam
254 1734 419 1809 recusandi,
435 1734 565 1795 tribunos
580 1739 711 1813 graviter
724 1736 884 1815 increpitos
898 1746 1052 1817 potestate
1065 1737 1118 1817 pri·

117 1821 203 1879 vavit.
247 1818 348 1897 Neque
368 1836 406 1877 ex
428 1836 465 1878 eo
486 1819 628 1880 iniamiam
648 1820 776 1880 allectati
791 1822 877 1881 otiam
896 1824 975 1899 regii
997 1822 1120 1883 nominis

118 1903 262 1962 discutere
288 1903 389 1979 valuit,
417 1920 586 1983 quamquam
613 1913 641 1962 et
665 1903 762 1982 plebei
789 1922 891 1983 regem
913 1922 948 1967 se
974 1906 1119 1981 salutanti,

118 1984 287 2050 Caesarem
300 2004 350 2064 se,
367 2005 429 2047 non
442 2005 544 2066 repem
560 2005 628 2047 esse
646 1987 845 2067 responderit,
865 1997 895 2048 et
906 1988 1120 2069 Lupercalibus

117 2091 171 2151 pro
192 2072 295 2132 rostris
316 2090 332 2131 a
355 2071 475 2130 consule
495 2070 623 2131 Antonio
645 2072 788 2131 admotum
810 2072 930 2151 saepius
954 2075 1048 2153 capiti
1068 2089 1119 2133 suo

117 2157 245 2217 diadema
264 2155 425 2234 reppulerit
443 2164 529 2233 atque
547 2156 576 2214 in
592 2153 764 2234 Capitolium
779 2155 843 2216 lovi
859 2154 978 2235 Optimo
992 2156 1120 2219 Maximo

116 2243 234 2301 miserit.
280 2241 353 2314 Quin
382 2242 466 2299 etiam
495 2239 575 2299 varia
602 2238 677 2300 fama
705 2239 901 2318 percrebruit,
930 2240 1121 2319 migraturum

118 2324 329 2384 Alexandream
351 2323 397 2381 vel
415 2322 510 2399 Ilium,
531 2322 677 2382 translatis
698 2323 781 2383 simul
801 2324 906 2403 opibus
929 2325 1048 2403 imperii
1072 2342 1119 2384 en·

118 2410 274 2485 haustaque
289 2407 369 2465 ltalia
385 2407 536 2465 dilectibus
557 2414 585 2464 et
604 2408 809 2484 procuratione
829 2406 910 2468 urbis
929 2408 1036 2469 amicis
1055 2426 1119 2489 per-

118 2494 217 2566 missa,
235 2491 367 2566 proximo
382 2499 475 2548 autem
491 2499 591 2549 senatu
604 2490 721 2549 Lucium
736 2489 848 2551 Cottam
861 2490 1120 2570 quindecimvirum

118 2574 286 2634 senteutiam
302 2572 458 2649 dicturum,
479 2584 522 2649 ut,
544 2576 678 2652 quoniam
696 2574 779 2634 libris
799 2574 935 2635 tatalibus
952 2578 1118 2637 continere

117 2668 176 2733 tur,
198 2655 319 2715 Parthos
340 2655 394 2712 nisi
409 2673 425 2714 a
440 2674 512 2732 rege
527 2674 585 2715 non
600 2676 689 2736 posse
703 2660 793 2735 vinci,
815 2656 925 2719 Caesar
939 2676 998 2720 rex
1018 2658 1118 2740 appel·

79 2744 108 2798 [to
118 2742 233 2803 laretur.
266 2738 346 2811 Quae
362 2756 448 2798 causa
462 2742 617 2800 coniuratis
630 2742 788 2802 maturandi
803 2742 856 2802 luit
868 2742 1013 2805 destinata
1027 2760 1119 2821 nego·

116 2830 168 2901 tia,
185 2842 221 2881 ne
239 2821 371 2881 assentiri
385 2840 507 2883 neeesse
524 2835 611 2884 esset.

181 2906 308 2966 Consilia
333 2906 435 2983 igitur,
463 2907 615 2985 dispersim
642 2918 726 2969 antea
749 2909 844 2970 habita
872 2919 902 2969 et
925 2928 1005 2989 quae
1028 2932 1118 2994 saepe

116 2992 173 3051 bini
190 2990 301 3049 ternive
318 2999 468 3069 ceperant,
481 2994 509 3049 in
522 3009 719 3051 unum-omnes
736 2994 935 3069 contulerunt,
951 3012 991 3056 ne
1006 2998 1117 3077 populo

116 3074 228 3154 quidem
254 3076 307 3132 iam
333 3075 477 3151 praesenti
504 3084 577 3135 statu
601 3076 695 3152 laeto,
721 3077 773 3137 sed
796 3078 868 3137 clam
892 3077 1052 3158 palamque
1073 3081 1116 3143 de·

115 3167 253 3217 trectante
271 3157 491 3216 dominationem
506 3168 591 3236 atque
608 3169 772 3220 assertores
788 3162 944 3238 flagitante.
982 3163 1115 3243 Peregri-

116 3244 160 3299 nis
180 3243 207 3299 in
226 3251 353 3300 senatum
375 3241 502 3317 allectIs,
525 3242 641 3301 libellus
660 3247 829 3322 propositus
846 3254 905 3303 est:
926 3244 1053 3309 Bonum
1068 3248 1113 3327 sa·

116 3330 209 3382 ctum:
234 3343 272 3383 ne
292 3325 360 3403 quis
381 3326 519 3386 senatore·
539 3344 620 3387 noco
636 3328 755 3387 curium
774 3335 951 3389 mensuare
974 3332 1070 3393 uelit!
1091 3340 1115 3393 et

114 3404 164 3464 illa
178 3407 265 3482 vulgo
283 3408 472 3469 canebantur:

200 3494 290 3549 Gallos
309 3496 412 3551 Caesar
430 3499 458 3552 t'n
479 3498 644 3568 triumphum
664 3500 751 3569 ducit,
770 3500 841 3555 idem
861 3501 889 3555 in
909 3503 1032 3559 curium.

200 3575 270 3631 Gottt
286 3580 386 3634 bracas
405 3581 602 3653 deposuerunt,
622 3585 705 3639 lotum
719 3585 824 3639 clavum
843 3595 1034 3657 asumpserunt.
