2286 3944
400 218 430 266 C.
453 219 637 269 CALIGULA.
966 213 1022 273 121

24 372 171 449 gistanum
194 372 383 449 abstinuisse,
405 374 481 452 quod
507 375 581 452 apud
605 376 727 436 Parthos
748 379 835 437 iustiti
859 379 948 438 instar
970 389 1023 438 est.

24 456 139 516 Romae
155 456 278 535 quidem,
303 474 366 515 cum
382 457 416 516 ad
431 460 549 536 primam
564 460 666 518 lamam
682 460 844 520 valitudinis
859 464 977 522 attonita
996 471 1024 522 et
1038 469 1055 524 6

24 547 138 600 maesta
158 541 258 599 civitas
279 543 425 617 sequentis
442 543 554 601 nuntios
572 545 768 620 opperiretur,
786 553 815 604 et
829 554 951 623 repente
967 549 1022 606 iam

25 623 145 701 vesperi
156 625 273 683 incertis
285 624 449 684 auctoribus
462 626 645 685 convaluisse
657 627 770 686 tandem
778 628 1021 706 precrebruisset,

10 708 135 786 *passim
159 725 221 766 eum
246 707 395 770 luminibus
415 717 444 768 et
466 710 588 768 victimis
610 710 638 767 iu
659 709 829 788 Capitolium
852 729 1022 772 concursum

25 799 73 850 est
88 808 122 850 ao
144 808 237 869 paene
261 791 396 850 reuolsae
419 793 518 871 templi
534 794 631 869 fores,
653 811 689 852 ne
704 793 771 871 quid
786 795 938 870 gestientis
954 806 1022 856 vota

23 873 149 933 reddere
170 883 347 951 moraretur,
371 877 631 954 expergefactuse
653 894 753 936 somno
776 877 909 937 Tiberius
926 889 1022 955 gratu-

24 957 143 1017 lantium
158 957 280 1018 vocibus
296 967 381 1037 atque
398 959 522 1038 undique
539 961 763 1020 concinentium:

101 1041 201 1102 Salvo
215 1042 326 1119 Roma,
341 1043 434 1102 sulca
450 1043 568 1121 patrio,
586 1044 693 1103 solvus
708 1050 755 1104 est
765 1043 986 1111 Germanicus„

10 1125 64 1186 rEt
79 1135 109 1185 ut
131 1126 242 1185 demum
265 1126 323 1186 lato
346 1127 473 1186 iunctum
492 1127 586 1206 palam
609 1127 715 1186 lactum
742 1137 801 1203 est,
826 1145 884 1186 non
910 1129 1020 1189 solatiis

22 1209 107 1285 ullis,
129 1226 187 1268 non
202 1209 304 1268 edictis
320 1209 442 1270 inhiberi
463 1210 556 1270 luctus
573 1210 705 1289 publicus
721 1211 829 1291 potuit,
854 1211 1020 1291 duravitque

23 1294 112 1354 etiam
127 1311 181 1371 per
195 1293 287 1352 festos
303 1293 474 1354 Decembris
492 1296 599 1353 mensis
617 1294 688 1353 dies.
732 1293 821 1353 Auxit
836 1294 959 1373 gloriam
971 1296 1018 1355 de·
1072 1338 1079 1345 .

21 1377 218 1455 sideriumque
243 1377 369 1437 defuncti
392 1387 421 1437 et
448 1379 587 1438 atrocitas
612 1379 819 1456 insequentium
849 1387 1018 1457 temporum,

23 1461 137 1521 cunctis
160 1479 215 1520 nec
237 1470 345 1520 temere
368 1461 550 1539 opinantibus
571 1463 734 1522 reverentia
749 1462 811 1521 eius
827 1480 862 1542 ae
880 1472 955 1521 metu
973 1482 1018 1522 re-

23 1563 156 1624 pressam
178 1543 274 1604 Tiberi
297 1546 464 1619 saevitiam,
495 1563 568 1623 quae
588 1563 657 1604 mox
679 1546 816 1623 eruperit.
859 1544 963 1605 Habuit
990 1547 1049 1609 inl

20 1629 203 1688 matrimonio
220 1627 422 1706 Agrippinam,
436 1629 474 1688 ll.
493 1629 643 1708 Agrippae
659 1637 687 1688 et
701 1628 790 1688 Iuliae
806 1630 909 1706 liliam,
930 1639 959 1688 et
981 1648 1018 1689 ex

20 1731 59 1773 ea
76 1730 180 1772 novem
201 1712 311 1771 liberos
334 1712 410 1771 tulit:
442 1730 560 1790 quorum
580 1712 636 1772 duo
664 1711 787 1772 infantes
813 1713 905 1773 adhuc
931 1716 1017 1791 rapti,

19 1815 95 1855 unus
110 1798 165 1855 iam
180 1814 358 1874 puerascens
375 1797 479 1872 insigni
495 1796 661 1871 festivitate,
680 1796 758 1855 cuius
777 1795 903 1873 effigiem
920 1795 1018 1856 babitu

21 1878 171 1958 Cupidinis
186 1881 214 1939 in
227 1879 299 1940 aede
316 1877 496 1958 Capitolinae
512 1882 636 1940 Veneris
650 1878 730 1939 Livia
747 1878 900 1956 dedicavit,
918 1878 1016 1956 Augu·

23 1972 87 2022 stus
99 1965 126 2022 in
143 1962 276 2023 cubiculo
294 1981 345 2023 suo
363 1966 495 2042 positam,
517 1964 708 2042 quotiensque
723 1962 870 2038 introiret,
895 1979 1016 2022 exoscu-
1082 2024 1089 2031 ‚

19 2046 149 2116 labatur;
168 2049 258 2107 ceteri
276 2049 449 2125 superstites
464 2049 537 2126 patri
554 2047 677 2122 fuerunt,
698 2054 758 2104 tres
774 2063 862 2104 sexus
878 2045 1017 2122 femInini,

19 2129 187 2209 Agrippina
197 2130 323 2191 Drusilla
342 2130 454 2206 Liuilla,
480 2131 614 2189 continuo
636 2129 759 2188 triennio
777 2136 875 2197 natae;
900 2128 1018 2188 totidem

18 2232 128 2290 mares,
151 2214 231 2274 Nero
253 2223 282 2274 et
300 2214 411 2274 Drusus
429 2223 457 2272 et
475 2212 508 2274 C.
528 2211 646 2273 Caesar.
676 2211 823 2271 Neronem
844 2221 872 2270 et
895 2211 1018 2271 Drusum

19 2307 139 2358 senatus
155 2298 271 2359 Tiberio
291 2300 456 2358 criminante
468 2298 567 2357 hostes
583 2296 725 2356 iudicavit.

88 2379 119 2441 C.
133 2380 242 2443 Caesar
256 2391 337 2442 natus
354 2391 398 2441 est
411 2380 502 2459 pridie
518 2381 564 2440 lll.
579 2382 660 2458 Sept.
678 2387 759 2457 patre
776 2396 828 2439 suo
845 2389 873 2438 et
893 2378 926 2440 C.
941 2378 1016 2439 Fon·
1032 2389 1049 2443 8

16 2465 80 2526 teio
103 2463 243 2545 Capitone
264 2483 341 2525 coss.
375 2465 432 2526 Ubi
455 2474 536 2526 natus
559 2465 610 2540 sit,
633 2466 773 2524 incertum
792 2462 944 2523 diversitas
960 2472 1015 2523 tra-

18 2549 147 2610 dentium
163 2550 242 2610 iacit.
273 2548 332 2610 CN.
350 2548 485 2608 Lentulus
507 2548 671 2609 Gaetulicus
687 2547 783 2607 Tiburi
799 2549 927 2625 genitum
945 2549 1015 2607 scri·

18 2633 73 2709 bit,
96 2632 203 2693 Plinius
225 2632 375 2693 Secundus
396 2635 424 2691 in
444 2632 598 2709 Treveris,
632 2633 697 2691 rico
723 2631 902 2691 Ambitaruio
929 2649 1016 2709 supra

19 2714 224 2786 Confluentes;
242 2717 319 2777 addit
335 2718 419 2777 etiam
436 2735 489 2795 pro
507 2725 687 2793 argumento,
705 2734 770 2775 aras
786 2714 826 2774 ibi
846 2713 959 2774 ostendi
974 2715 1040 2773 in-.

20 2802 163 2879 scriptas:
181 2800 224 2860 ob
245 2800 481 2878 Agrippinae
508 2801 754 2879 puerperium.
798 2797 945 2858 Versiculi
966 2798 1015 2855 im·

18 2893 141 2963 perante
157 2901 225 2944 mox
241 2902 276 2943 eo
295 2884 433 2960 divulgati
446 2883 521 2962 apud
537 2882 672 2942 hibernas
684 2883 819 2958 legiones
833 2889 1015 2960 procreatum
1121 2953 1123 2958 Ι

17 2967 161 3028 indicant:

146 3055 182 3112 In
197 3058 297 3111 castris
318 3061 409 3122 natus,
419 3057 523 3126 patriis
537 3058 656 3110 nutritus
676 3056 705 3108 in
725 3056 820 3121 armis,

227 3138 290 3195 Iam
311 3140 446 3210 designati
457 3141 596 3209 principis
617 3152 695 3192 omen
712 3141 782 3192 erat.

18 3221 87 3298 Ego
109 3222 138 3280 in
158 3221 231 3280 actis
249 3219 317 3279 Anti
340 3218 445 3277 editum
464 3218 589 3276 invenio.
635 3215 812 3276 Gaetulicum
831 3212 940 3271 refellit
958 3212 1010 3273 Pli-

17 3306 83 3365 nius
107 3304 187 3383 quasi
209 3304 354 3363 mentitum
377 3320 429 3380 per
451 3299 658 3375 adulationem,
679 3307 709 3358 ut
731 3297 766 3357 ad
787 3295 886 3357 laudes
903 3298 1013 3356 iuvenis

16 3389 202 3466 gloriosique
217 3387 356 3466 principis
372 3382 479 3463 aliquid
496 3385 580 3443 etiam
597 3401 634 3441 ex
649 3380 720 3441 urbe
735 3381 853 3440 Herculi
868 3399 951 3442 sacra
967 3399 1012 3440 su-

15 3482 120 3550 meret,
138 3470 313 3549 abusumque
325 3467 473 3529 audentius
490 3466 650 3543 mendacio,
667 3465 744 3544 quod
761 3474 826 3525 ante
837 3483 938 3525 annuum
951 3465 1006 3524 ier·
