2256 3930
116 319 156 378 62
199 327 229 375 c.
247 325 399 375 aonrour
415 324 542 384 ummo.
558 324 606 371 nn
620 323 705 371 vura
720 322 905 373 cansam
918 325 990 373 um.
1005 325 1046 373 11.

115 484 184 545 satis
201 481 315 556 habuit,
339 497 403 539 cum
425 479 476 538 ille
491 477 645 557 Agrippae
666 478 781 538 iuvenis
800 478 916 539 nomiae
932 480 1123 558 asperrimam

116 569 152 629 de
167 584 200 627 se
215 564 369 643 epistolam
384 565 411 621 in
426 563 533 641 vulgus
548 562 701 639 edidisset,
724 561 772 621 bio
796 562 930 623 convivio
947 563 1040 642 pleno
1056 582 1122 643 pro-

116 651 285 723 clamasset,
307 664 403 724 ncquc
425 656 522 706 votum
546 645 601 705 sibi
626 663 722 724 neque
743 646 865 705 anImum
890 645 996 707 deesse
1021 647 1122 707 conio·

116 733 211 794 diendi
226 751 299 791 eum.
336 728 464 805 Quadam
479 747 551 790 vero
569 730 753 806 cognitione,
770 748 834 789 cum
849 727 977 791 Aemilio
993 729 1121 791 Aeliano

117 815 298 878 Cordubensi
313 815 388 873 inter
405 823 503 874 cetera
523 814 639 873 crimina
655 813 703 872 vel
718 813 841 873 maxime
859 813 1029 874 obiceretur
1045 814 1122 894 quod

115 901 190 962 male
206 899 317 977 opinari
341 897 376 956 de
392 895 520 957 Caesare
536 897 663 973 soleret,
686 913 846 957 conversus
866 896 902 957 ad
918 907 1123 958 accusatorem

117 991 318 1060 commotoque
331 981 429 1040 similis
448 979 558 1057 Velim,
574 981 680 1059 iuquit,
695 979 754 1041 boc
764 980 837 1041 mibi
847 979 986 1058 probee,·
1000 980 1124 1059 faciam

116 1070 197 1130 sciet
212 1063 362 1126 Aelianus
384 1071 412 1124 et
431 1083 479 1124 me
498 1065 634 1144 linquam
655 1062 786 1140 bebere,
808 1063 907 1143 plere
928 1065 1009 1125 enim
1026 1065 1066 1125 de
1088 1085 1123 1127 eo

117 1154 250 1230 loquum
272 1167 328 1208 nec
350 1150 502 1227 quicquam
524 1148 598 1208 ultra
621 1157 667 1208 aut
683 1149 777 1208 statim
798 1157 846 1208 aut
863 1157 967 1226 postea
982 1150 1121 1228 inquisiit.

117 1235 234 1297 'liberio
257 1250 373 1311 quoque
394 1232 430 1291 de
451 1231 618 1307 eademne,
640 1230 693 1291 sed
714 1231 886 1308 violentius,
915 1233 993 1311 apud
1017 1251 1122 1312 seper

117 1318 269 1398 epistolam
288 1317 476 1395 conquerenti
492 1316 529 1375 ita
547 1317 714 1394 rescripsit:
731 1313 837 1375 Aetati
850 1324 931 1391 tuuc,
947 1317 990 1376 mi
1006 1315 1120 1392 Tiberi,

116 1403 181 1463 noli
203 1402 235 1461 in
254 1400 314 1460 buc
334 1419 369 1459 re
390 1400 547 1478 indulqere
566 1406 594 1458 el
612 1399 736 1459 nimium
758 1398 918 1478 iodiyouri
939 1418 1122 1481 quemquam

118 1504 200 1560 esse,
217 1485 270 1562 qui
285 1484 323 1543 de
339 1502 386 1542 me
401 1484 482 1543 male
495 1484 662 1561 loquator,·
682 1483 763 1543 satia
778 1490 824 1542 ecl
838 1484 933 1560 enim,
950 1484 980 1543 si
990 1483 1052 1545 boc
1064 1485 1119 1545 bu·

119 1568 223 1628 tenio
237 1584 276 1626 oe
292 1566 360 1646 quis
375 1566 466 1627 nobie
479 1567 561 1626 male
573 1566 683 1644 facere
692 1567 804 1645 possit.

79 1659 109 1714 ta
182 1650 317 1727 Templa,
335 1652 464 1728 quamvis
480 1652 569 1711 sciret
584 1651 669 1711 ctiam
684 1651 908 1729 proconsulibus
931 1651 1054 1712 decerni
1076 1671 1119 1712 so·

118 1737 195 1808 lere,
217 1736 245 1791 in
266 1734 343 1792 nulla
358 1742 452 1793 tamen
468 1735 618 1813 provincia
640 1735 694 1793 nisi
716 1737 856 1794 communi
880 1753 933 1795 suo
949 1737 1120 1816 Romaeque

118 1819 233 1878 nominc
249 1819 362 1894 recepit
378 1819 502 1897 (namin
520 1817 591 1877 urbe
608 1818 721 1895 quidem
739 1820 969 1898 pertinacissime
985 1819 1121 1880 abstinuit

117 1903 174 1962 boc
193 1899 321 1977 bonore)
344 1910 429 1980 atque
443 1903 528 1960 etiam
547 1911 703 1979 argenteas
720 1912 829 1963 statuas
851 1903 918 1963 olim
936 1903 993 1962 sibi
1008 1905 1119 1982 positas

119 1985 253 2045 couilauit
274 1985 365 2044 omnis
387 2003 481 2063 exque
502 1986 538 2044 iis
559 2004 663 2045 aureas
689 1987 814 2046 cortinas
832 1986 962 2066 Apollini
989 1987 1119 2048 Palatino

119 2069 271 2129 dedicauit.

178 2151 353 2212 Dictaturam
373 2170 476 2229 magna
499 2155 527 2212 vi
551 2154 692 2213 offerente
714 2153 841 2232 populo,
867 2172 945 2231 genu
965 2155 1052 2214 nixus
1072 2154 1118 2214 de·

79 2238 191 2300 t3iecta
214 2235 248 2295 ab
268 2236 373 2294 umeris
395 2246 464 2314 toga
485 2237 561 2296 nudo
584 2246 705 2315 pectore
723 2236 897 2315 deprecatus
916 2246 971 2297 est.
1004 2237 1119 2298 Domini

117 2319 344 2398 appellationem
365 2330 395 2378 ut
415 2321 597 2381 maledictum
615 2329 644 2379 et
665 2320 853 2399 obprobrium
875 2339 992 2399 semper
1013 2322 1117 2382 eubor-

117 2404 182 2462 ruit.
217 2399 305 2479 Cum,
322 2412 474 2481 spectante
490 2422 526 2464 eo
542 2403 641 2480 ludos,
659 2406 868 2482 pronuntiatum
882 2414 961 2465 esset
972 2407 1002 2464 in
1015 2408 1116 2465 mimo:

118 2485 143 2546 0
164 2485 317 2545 domiuum
338 2504 467 2566 aequam
490 2495 519 2548 et
539 2487 668 2548 bonum!
691 2498 720 2548 et
743 2490 870 2549 universi
892 2489 975 2567 quasi
995 2489 1031 2549 de
1053 2491 1116 2569 ipso

117 2571 221 2629 dictum
244 2570 407 2630 exultantes
432 2571 687 2650 comprobassent,
711 2583 740 2632 et
761 2573 853 2632 statim
873 2591 957 2632 mauu
978 2573 1117 2652 vultuque

115 2650 268 2711 indecoras
284 2652 463 2715 adulationes
484 2658 626 2733 repressit
650 2665 678 2715 et
693 2657 855 2735 insequenti
873 2655 919 2716 die
940 2658 1116 2734 gravissimo

119 2736 258 2811 corripuit
276 2737 387 2807 edicto;
405 2737 604 2818 dominumque
620 2758 653 2798 se
665 2741 790 2817 posthac
801 2740 945 2818 appellari
960 2759 997 2800 ne
1014 2760 1031 2801 a
1047 2740 1116 2801 libe-

116 2821 156 2879 ris
171 2819 285 2896 quidem
307 2830 354 2880 aut
373 2822 529 2900 nepotibus
546 2824 604 2882 suis
621 2823 668 2882 vel
688 2825 767 2883 serio
782 2824 830 2884 vel
852 2825 919 2883 ioco
937 2842 1044 2903 passus
1062 2833 1116 2900 est,

116 2913 201 2980 atquc
223 2904 381 2964 eiusmodi
403 2906 555 2966 blanditias
570 2907 654 2966 etiam
670 2908 745 2966 iuter
760 2909 841 2987 ipsos
861 2908 1019 2986 prohibuit.
1051 2909 1116 2968 Non

115 2996 223 3047 temere
238 2989 308 3046 urbe
325 2989 472 3066 oppidove
494 2991 554 3049 ullo
571 3009 709 3068 egressus
730 3002 777 3051 aut
799 3010 942 3070 quoquam
965 2992 1116 3069 ingressus

116 3081 159 3131 est
174 3071 228 3129 nisi
245 3090 372 3149 vespera
390 3083 437 3133 aut
450 3084 552 3149 noctu,
569 3094 605 3133 nc
623 3093 708 3152 quem
725 3076 815 3135 oflicii
832 3094 917 3136 causa
930 3076 1115 3153 inquietaret.

114 3155 146 3214 lu
165 3157 313 3215 consulatu
331 3157 452 3233 pedibus
473 3158 554 3234 fere,
578 3168 659 3217 extra
676 3160 853 3218 consulatum
870 3178 960 3237 saepe
977 3160 1116 3238 adaperta

115 3239 187 3299 sella
202 3258 255 3317 per
270 3240 415 3318 publicum
431 3243 559 3300 incessit.
590 3242 764 3302 Promiscuis
782 3243 1002 3303 salutationibus
1018 3245 1116 3303 admit-

114 3323 192 3381 tebat
214 3333 242 3381 et
265 3324 396 3402 plebem,
426 3335 503 3385 tauta
532 3327 664 3385 comitate
689 3327 850 3387 adeuntium
872 3327 1015 3387 desideria
1038 3327 1115 3387 exci-

116 3409 212 3482 piens,
234 3416 263 3465 ut
280 3408 420 3486 quendam
437 3411 503 3469 ioco
521 3411 709 3487 corripuerit,
733 3411 809 3489 quod
831 3412 877 3471 sic
897 3410 958 3470 otti
981 3411 1116 3472 libellum

112 3489 275 3565 porricere
291 3492 462 3570 dubitaret,
485 3494 578 3572 quasi
591 3494 751 3572 elepbooto
769 3495 887 3573 stipem.
928 3494 982 3554 Die
999 3503 1117 3555 senatus

114 3588 264 3648 numquam
286 3586 384 3651 patres
407 3579 461 3636 uisi
482 3580 509 3635 iu
532 3580 610 3637 curia
633 3578 767 3638 salutavit
791 3589 820 3638 et
843 3578 957 3657 quidem
974 3579 1115 3655 sedentis,
