2286 3944
413 231 441 278 o.
467 230 651 279 osurcunn.
972 219 1031 278 125

36 391 207 462 tempestate
236 381 362 459 turbida,
400 401 456 461 quo
483 386 574 461 magis
604 387 695 462 pietas
725 385 879 461 emineret,
906 351 1031 463 adiitque

35 465 255 528 venerabundus
276 484 310 525 ac
337 484 390 545 per
411 477 502 526 semet
528 470 555 526 in
578 486 662 527 urnas
686 466 826 536 condidit;
846 484 901 526 nec
921 469 1032 527 minore

34 569 142 612 scaena
162 549 283 625 Ostiam,
305 551 434 627 praefixo
455 552 482 608 in
504 552 621 609 biremis
643 569 740 628 puppe
759 551 884 627 vexillo,
911 561 941 610 et
966 551 1031 610 inde

32 636 154 695 Romam
184 632 282 692 'l'rbcri
316 633 487 710 subvectos,
524 652 577 712 per
603 633 860 713 splendidissimum
890 652 1031 713 quemque

10 718 179 796 sequestris
209 716 315 774 ordinis
340 716 435 775 medio
461 735 495 776 ac
525 718 667 795 frequenti
697 717 742 776 dic
773 716 883 776 duobus
913 718 1031 777 ferculis

34 799 184 861 Mausoleo
209 800 315 877 intulit,
338 800 512 878 inferiasque
534 802 559 859 is
580 818 671 860 annua
691 799 834 876 religione
855 799 969 877 publice
991 802 1030 858 in-

35 885 139 959 stituit,
160 891 188 942 et
210 899 247 941 eo
263 883 384 960 amplius
403 886 485 942 matri
509 882 663 943 Circenses
683 892 905 962 carpentumque
925 901 980 962 quo
1002 885 1031 940 in

34 985 141 1047 pompa
171 965 383 1036 traduceretur;
417 976 445 1026 at
474 969 501 1026 in
524 969 688 1026 memoriam
714 967 804 1046 patris
833 966 1032 1045 Septembrem

33 1068 162 1110 mensem
185 1049 380 1110 Germanicum
398 1050 564 1128 appellavit.
597 1050 665 1110 Post
688 1050 760 1109 haec
778 1050 921 1109 Antoniae
937 1051 1030 1125 aviae,

10 1132 170 1214 oquidquid
186 1150 316 1210 umquam
331 1132 410 1193 Livia
428 1133 558 1210 Augusta
579 1133 718 1193 honorum
741 1135 882 1212 cepisset,
906 1149 962 1191 uno
986 1151 1031 1192 se·

34 1227 117 1278 natus
139 1216 270 1275 consulto
288 1218 452 1293 congessit;
476 1226 605 1294 patruum
621 1215 778 1292 Claudium,
801 1217 927 1295 equitem
944 1217 979 1276 R.
997 1215 1032 1276 ad

33 1301 63 1361 id
84 1310 212 1377 tempus,
236 1299 379 1376 collegam
405 1299 459 1359 sibi
487 1302 515 1358 in
542 1301 690 1360 consulatu
718 1302 885 1379 assumpsit;
914 1299 1031 1359 fratrem

33 1384 181 1446 Tiberium
198 1382 244 1442 die
259 1384 348 1442 virilis
371 1393 458 1460 togae
479 1383 624 1462 adoptavit
640 1384 853 1463 appellavitque
870 1384 1030 1462 principem

33 1469 203 1534 iuuentutis;
223 1466 258 1526 de
277 1467 428 1526 sororibus
450 1469 628 1545 ommutuit,
651 1476 681 1526 ut
696 1467 827 1527 omnibus
844 1467 1031 1527 sacramentis

11 1551 213 1613 radiceretur:
245 1567 342 1628 neque
365 1568 412 1610 me
440 1549 614 1630 liberosque
638 1569 721 1612 meos
748 1551 889 1612 cariores
911 1549 1031 1610 bobebo

34 1651 128 1714 quom
156 1632 265 1693 Guium
293 1632 392 1693 babeo
421 1640 450 1693 et
471 1652 597 1695 sorores
629 1635 715 1705 eius,·
749 1636 815 1693 item
844 1634 1031 1693 relationibus

35 1716 199 1778 consulum:
229 1717 311 1794 quod
340 1716 451 1776 bonum
475 1717 613 1797 felixque
640 1717 681 1778 sit
703 1715 737 1777 0.
759 1717 892 1778 Caesari
912 1717 1028 1779 sorori·

34 1801 152 1878 busque
171 1800 246 1860 eius.

98 1879 162 1943 Pari
185 1883 377 1962 popularitate
404 1884 550 1943 damnatos
578 1884 784 1963 relegatosque
810 1885 946 1952 restituit;
977 1885 1030 1942 cri-

10 1969 150 2042 pminum,
165 1968 189 2025 si
205 1984 278 2045 quae
293 1967 407 2027 residua
423 1986 460 2026 en
474 1969 571 2045 priore
587 1977 716 2046 tempore
731 1967 891 2043 manebant,
909 1968 1032 2024 omnium

33 2052 155 2128 gratiam
179 2049 264 2118 fecit;
287 2053 506 2110 commentarios
533 2050 567 2109 ad
592 2052 689 2109 matris
718 2051 893 2128 fratrumque
917 2065 1032 2107 suorum

17 2135 139 2194 'causas
160 2134 343 2210 pertinentis,
363 2153 399 2193 ne
420 2135 465 2192 cui
480 2133 660 2212 postmodum
675 2133 797 2192 delatori
818 2142 865 2191 aut
886 2132 953 2191 testi
974 2149 1031 2191 ma·

33 2225 119 2276 neret
134 2215 209 2275 ullus
232 2225 340 2293 metus,
364 2225 523 2280 convectos
546 2219 573 2275 in
592 2217 701 2292 forum,
725 2225 753 2274 et
772 2224 838 2276 ante
856 2215 934 2275 clare
951 2214 1031 2273 obte-

34 2309 127 2360 status
149 2298 221 2359 deos
244 2318 338 2378 neque
360 2297 470 2377 legisse
497 2318 591 2377 neque
618 2301 749 2376 attigisse
770 2301 936 2378 quicquam,
964 2315 1031 2357 con·

10 2383 188 2450 scremavit;
210 2382 338 2442 libellum
354 2383 389 2443 de
412 2384 504 2442 salute
522 2401 572 2442 sua
594 2382 719 2443 oblatum
740 2400 797 2443 non
813 2384 941 2461 recepit,
964 2398 1031 2441 con-

32 2465 172 2543 tendens,
194 2466 270 2526 nibil
283 2467 345 2527 sibi
365 2465 532 2526 admissum
557 2485 612 2526 cur
637 2466 779 2546 cuquam
802 2465 921 2527 incisus
941 2471 1029 2542 esset,

33 2551 208 2628 negavitque
236 2569 268 2608 sc
292 2550 469 2610 delatoribus
492 2568 576 2610 aures
606 2550 724 2610 habere.
765 2551 921 2610 Psinthrias
950 2568 1030 2609 mon·
1042 2551 1073 2604 16

34 2643 193 2694 strosarum
210 2632 369 2709 libidinum,
388 2652 477 2710 aegre
494 2652 530 2692 ne
553 2633 696 2711 profundo
716 2643 861 2710 mergeret
882 2642 1029 2708 exoratus,

34 2717 108 2776 urbe
129 2716 281 2775 submovit.
321 2717 376 2776 Titi
395 2717 527 2792 Labieni,
547 2716 633 2776 Cordi
655 2717 796 2794 Cremuti,
820 2716 901 2776 Cassi
928 2715 1030 2774 Severi

10 2802 160 2877 ascripta,
181 2808 296 2858 senatus
323 2800 460 2859 consultis
488 2800 609 2877 abolita,
629 2803 736 2879 requiri
759 2809 787 2859 et
809 2819 875 2858 esse
897 2801 925 2857 in
945 2799 1030 2856 mani·

34 2884 90 2943 bus
111 2882 291 2960 lectitarique
313 2885 456 2960 permisit,
486 2883 610 2962 quondo
633 2885 767 2944 maxime
789 2900 849 2942 suo
872 2881 1033 2942 interesset

35 2973 69 3028 ut
89 2964 180 3044 facio
200 2983 339 3045 quaeque
362 2967 497 3044 posteris
522 2967 698 3026 traduntur.
743 2967 881 3026 Rationes
910 2965 1031 3043 imperii,

35 3050 72 3109 ab
89 3049 222 3125 Augusto
238 3052 364 3128 proponi
386 3050 486 3110 solitas
501 3060 545 3109 set
560 3069 575 3109 a
591 3050 707 3110 Tiberio
726 3050 917 3125 intermissas,
941 3047 1031 3126 publi-

36 3133 123 3194 cavit.
158 3132 371 3208 Magistratihus
393 3133 512 3192 liberam
532 3135 600 3191 iuris
620 3133 773 3192 dictionem
795 3140 823 3190 et
841 3133 902 3190 sine
925 3133 968 3190 sui
983 3149 1031 3208 ap·

10 3216 196 3296 spellationc
224 3218 378 3276 concessit.
417 3216 536 3294 Equites
562 3217 597 3276 R.
624 3234 728 3275 severe
762 3216 950 3293 curioseque,
977 3232 1032 3272 nec

38 3301 101 3360 sine
116 3299 329 3376 moderatione,
349 3301 539 3375 recognovit,
565 3298 657 3376 palam
680 3299 813 3377 adempto
836 3316 910 3376 equo
930 3297 1031 3377 quibus

36 3393 85 3444 sut
101 3383 200 3461 probri
216 3384 320 3463 aliquid
339 3393 385 3444 aut
403 3383 575 3459 ignominiae
595 3384 720 3459 inesset,
743 3400 842 3442 eorum
860 3384 907 3461 qui
921 3385 1031 3442 minore

38 3466 124 3546 culpa
147 3475 310 3526 tenerentur
333 3466 494 3527 nominibus
518 3466 603 3525 modo
624 3469 652 3526 in
669 3468 838 3527 recitatione
858 3466 1021 3546 prar⁸eritis
