2286 3944
186 208 463 257 oaasnorroaum
481 209 662 257 munorum
685 210 884 270 cumcuma.
972 199 1034 260 279

28 365 59 424 in
83 361 198 422 Etruria
223 361 394 423 consedisse
415 362 548 423 Timaeus
576 365 667 424 refert
691 365 764 425 duce
788 365 955 443 Tyrrheno,
986 369 1032 445 qui

29 446 98 509 latri
114 463 167 506 suo
185 455 315 506 cesserat
335 448 418 522 regui
435 449 630 508 contentione.
674 447 764 526 Igitur
785 450 813 508 in
831 449 944 510 Etruria
960 451 1034 511 inter

30 539 152 591 ceteros
173 532 244 590 ritus
268 531 502 609 superstitionum
519 550 636 592 >suarum
651 533 820 611 spectacula
836 550 952 613 quoque
967 535 1033 595 reli·

29 615 129 693 gionis
158 615 273 672 nomine
293 615 455 684 instituunt;
484 614 549 674 inde
574 616 694 676 Romani
723 619 880 677 arcessitos
910 619 1033 678 artifices

10 705 208 773 smutuantur,
228 706 356 774 tempus,
375 701 614 776 enuntiationem,
637 710 666 759 ut
682 701 740 760 ludi
757 720 772 760 a
789 701 874 775 Lydis
893 719 1032 763 vocaren-

28 792 100 843 tur.
119 825 126 840 .
143 825 151 840 .
197 779 267 841 (lum
282 783 446 858 promiscue
462 782 521 842 ludi
536 783 678 844 Liberalia
696 794 877 860 vocarentur,
893 786 1033 845 honorem

27 864 126 927 Liberi
140 866 231 944 patris
242 865 554 936 manifestesonabant;
570 866 675 926 Libero
692 870 764 927 enim
779 887 794 928 a
811 870 925 928 rusticis
940 870 1032 948 primo

29 949 138 1010 debant
154 949 191 1008 ob
203 949 387 1023 beneficium,
405 950 481 1028 quod
498 952 524 1010 ei
538 950 712 1028 adscribunt,
735 953 927 1012 demonstrata
940 955 1032 1030 gratia

27 1034 99 1093 vini.
136 1032 250 1092 Exinde
262 1032 321 1091 ludi
338 1030 493 1094 Consualia
505 1034 589 1112 dicti,
604 1037 651 1114 qui
667 1037 706 1094 ini
720 1038 748 1096 io
763 1035 925 1115 Neptunnm
938 1037 1030 1096 hono·

10 1116 146 1177 arabant:
168 1117 289 1177 eundem
309 1119 384 1176 enirn
404 1127 433 1177 et
452 1116 577 1177 Consum
592 1119 744 1180 vocabant.
772 1119 897 1181 ·Dehiac
916 1120 1033 1198 Equiria

27 1201 114 1279 equis
124 1199 355 1261 llartillomulus
367 1201 451 1272 dinit3
466 1220 636 1281 quamquam
649 1203 697 1264 alii
709 1203 900 1265 etGonsualia
908 1204 1031 1265 Romulo

26 1285 201 1364 detendunt,
223 1287 300 1366 quod
323 1305 357 1347 ea
376 1286 476 1347 Conso
494 1287 649 1364 dicaverit,
670 1287 724 1347 deo
746 1297 775 1347 ut
789 1286 891 1346 voluat
913 1287 1039 1363 consilii,

26 1373 91 1431 eius
113 1370 228 1430 scilicet
249 1389 306 1449 quo
322 1380 389 1432 tunc
404 1371 571 1431 Sabinarum
587 1373 729 1448 virginum
753 1373 883 1449 rapinam
901 1369 1039 1430 militibus

26 1455 133 1515 suisio
156 1457 334 1515 matrimonia
350 1456 529 1532 excogitavit
544 1500 551 1513 .
569 1500 597 1513 ..
621 1464 649 1514 et
666 1474 741 1515 nunc
760 1475 808 1515 arc
827 1453 924 1515 Conso
948 1453 990 1514 illi
1011 1455 1040 1513 in

10 1541 112 1599 tcirco
128 1537 246 1598 defossa
264 1549 309 1599 est
329 1539 364 1598 ad
381 1541 487 1618 primas
502 1549 594 1598 metas
610 1539 662 1598 sub
676 1548 752 1599 terra
770 1557 832 1598 cum
848 1539 1040 1618 inscriptione

25 1622 112 1683 huius
135 1622 227 1682 modi:
258 1621 382 1683 Consus
401 1623 547 1699 consilio,
572 1622 662 1683 Mors
683 1623 802 1699 duello,
826 1621 926 1683 Lares
947 1621 1038 1684 coillo

25 1711 175 1786 potentes.
221 1706 392 1767 Sacrificant
413 1707 487 1786 apud
503 1726 565 1767 eam
584 1707 675 1767 Nonis
692 1707 771 1767 luliis
794 1707 966 1766 sacerdotes
985 1723 1038 1784 pu·

26 1791 115 1866 blici‚
140 1789 205 1850 Xll.
237 1790 282 1850 lll.
313 1791 501 1870 Septembres
523 1792 625 1852 [lamen
650 1792 807 1866 Quirinalis
833 1800 861 1850 et
888 1792 1037 1868 Virgines.

26 1874 142 1935 Dehinc
154 1874 230 1934 idem
244 1875 382 1936 Romulus
398 1875 461 1935 lovi
475 1875 607 1936 Feretrio
625 1875 711 1935 ludos
727 1875 846 1934 instituit
862 1877 890 1933 in
900 1873 1037 1951 Tarpeio,

10 1975 105 2038 equos
120 1957 262 2037 Tarpeios
286 1959 379 2018 dictos
397 1969 427 2018 et
448 1958 629 2038 Capitolinos
644 1959 710 2019 Piso
732 1959 826 2018 tradit.
870 1957 940 2018 Post
963 1957 1039 2016 hunc

25 2040 120 2102 Numa
143 2041 300 2121 Pompilius
322 2043 405 2103 Marti
427 2053 455 2103 et
474 2043 612 2120 Robigini
633 2044 717 2119 iecit,
743 2045 829 2122 (nam
846 2051 875 2101 et
895 2040 1038 2117 robiginis

27 2125 112 2186 dcam
135 2127 297 2205 linxerunt)
318 2127 422 2186 dehinc
438 2127 536 2186 'l'ullus
556 2127 712 2202 Hostilius,
733 2124 838 2185 dehinc
849 2125 948 2184 Ancus
963 2124 1036 2184 lilar-

28 2212 91 2271 cius
117 2218 146 2269 et
165 2213 256 2270 ceteri
278 2229 395 2290 quoque
411 2229 465 2289 pcr
486 2212 625 2270 ordinem.
670 2209 707 2269 Et
726 2209 828 2288 quibus
848 2209 934 2268 idolis
953 2207 1037 2268 ludos

26 2294 216 2371 instituerint,
241 2296 365 2373 positum
382 2303 426 2354 est
441 2296 516 2373 apud
534 2296 701 2354 Suetonium
718 2293 933 2372 Tranquillum,
958 2291 1004 2351 vcl
1022 2309 1038 2351 a

10 2377 134 2456 aquibus
162 2377 345 2457 Tranquillus
374 2382 499 2458 accepit.
549 2377 756 2439 Tertullianus
785 2377 823 2437 de
848 2375 1038 2455 spectaculis

28 2478 100 2560 cup.
125 2471 153 2521 5.

88 2534 290 2643 Heudonos.
308 2534 527 2645 .Νουμᾶς,
511 2543 684 2645 oupoiuos
691 2533 848 2648 βασιλευς
862 2565 944 2625 μετα
958 2532 1038 2605 Ῥω-

27 2620 154 2732 μόλον
152 2618 324 2722 Ρωμαίων
338 2623 502 2708 γεγονώς,
529 2619 594 2690 ἄπο
583 2620 749 2709 σιδήρου
766 2649 821 2689 και
811 2623 964 2727 χαλκοῦ
977 2645 1038 2688 πε-

28 2706 194 2792 ποιημένα
197 2707 343 2806 πρῶτος
366 2709 540 2791 ἐχαρίσατο
567 2709 773 2856 [yoypsu'ptou
806 2707 943 2810 ἔδωκεν]
955 2699 1037 2772 ‘Pm-

10 2810 19 2850 u
27 2795 150 2877 μαίοις,
165 2792 232 2894 ταῖν
247 2815 312 2872 προ
328 2815 433 2857 αυτου
450 2816 587 2858 παντων
597 2795 652 2857 dccc
666 2795 835 2859 σκυτίνων
847 2785 930 2856 καὶ’
914 2807 1036 2888 οστρα-

28 2879 135 2940 πίνων
148 2869 219 2980 τὴν
237 2877 352 2960 χρείαν
372 2873 645 2978 πληρούντων,
631 2899 724 2980 urceo
733 2869 909 2958 ωνόμασεν
923 2874 959 2939 ἐκ
974 2874 1036 2938 τοῦ

29 2952 157 3025 ίδίου’
137 2983 302 3064 ονοματος
315 2982 454 3042 νουμια
479 2955 522 3036 ὥς
545 2975 627 3044 φησι
655 2957 879 3045 Τραγκυλλος.
917 2961 1035 3022 Sutuas

28 3066 53 3107 s.
80 3065 110 3108 o.
137 3036 289 3128 deceptu.
335 3045 693 3109 IoannesAntiochenus
708 3067 740 3125 p.
766 3055 824 3106 553
846 3046 894 3106 ed.
910 3045 1033 3106 Mu'ller.

28 3129 216 3192 Obronlcum
229 3131 383 3210 paschale
395 3131 685 3209 Alexandrinump.
702 3139 758 3190 218
773 3129 872 3190 Bono.
908 3129 1033 3208 Syncel-

10 3215 78 3277 slus
92 3213 154 3293 lp.
175 3225 230 3278 398
244 3215 343 3277 Boon.
390 3215 547 3276 Cedrenus
561 3213 581 3274 l
594 3234 625 3292 p.
644 3224 701 3276 260
715 3212 813 3274 Bono.
858 3211 1035 3291 Anonymus

26 3297 187 3378 Scaliqerc'
199 3318 233 3378 p.
257 3310 306 3360 54.
353 3299 617 3380 Chrouoprupbus
634 3297 893 3360 Mommsenionus
912 3315 944 3375 p.
962 3304 1033 3358 545.

93 3382 180 3463 Apud
202 3385 328 3443 maiores
343 3384 447 3444 theatri
463 3385 571 3461 gradus
592 3392 698 3442 tantum
712 3382 840 3452 tuoruum
863 3399 927 3442 nam
946 3397 1033 3440 scene

26 3467 66 3528 de
87 3467 169 3545 ligno
187 3475 293 3526 tantum
308 3467 344 3526 ad
361 3475 473 3547 tempus
491 3467 593 3544 fiebat,
619 3465 693 3526 unde
714 3465 858 3546 hodieque
878 3482 1020 3532 pennatus¹
