2256 3930
431 233 537 284 mvus
559 236 686 286 ruerus.
1027 225 1067 286 33
1117 237 1121 242 ·

59 394 168 469 Quinto
183 392 311 453 Maximo
334 390 457 449 suffecto
478 390 693 472 trimenstrique
722 391 843 452 consule
860 388 1004 451 theatrum
1027 391 1067 450 in·

58 485 213 554 troeunte,
237 494 302 535 cum
313 475 400 534 lictor
418 473 606 534 animadverti
621 495 659 535 ex
675 493 757 536 more
778 477 928 553 iussisset,
953 475 989 535 ab
1007 475 1066 535 uni·

58 562 155 622 versis
175 560 385 620 conclamatum
406 565 468 634 est,
492 576 551 618 nun
569 577 636 618 esse
657 577 722 619 eum
741 560 900 620 consulem.
933 558 1005 620 Post
1022 577 1066 619 re-

59 655 157 707 motos
178 644 343 705 Caesetium
366 650 395 700 et
416 641 568 702 Marullum
590 643 722 703 tribunos
744 653 862 723 reperta
881 653 946 704 sunt
968 645 1067 724 proxi-

31 734 114 791 emis
133 731 257 790 comitiis
276 726 426 805 complura
448 726 586 804 suffragia
610 727 747 787 consules
773 745 827 787 eos
851 726 1066 788 declarantium.

60 815 272 894 Subscripsere
294 810 407 890 quidam
431 808 502 868 Luci
527 809 608 870 Bruti
631 820 759 872 statuae:
788 809 912 872 Utiuum
929 813 1066 872 uiueres!

58 904 130 960 item
147 901 237 978 ipsius
251 895 402 956 Caesaris:

144 989 268 1056 Brutus,
290 987 356 1057 quia
368 997 449 1054 repes
464 985 557 1055 eiecit,
577 986 676 1040 consul
684 987 794 1056 primus
808 985 906 1058 factus
920 991 973 1040 est:

144 1074 215 1142 Hic,
237 1071 302 1142 quia
320 1068 447 1124 consules
464 1069 555 1138 eiecit,
576 1083 631 1124 reu
641 1074 783 1140 postremo
798 1069 895 1142 faetus
906 1073 955 1124 est.

16 1159 48 1202 ¹0
63 1153 268 1231 Conspiratum
286 1158 332 1208 eat
353 1149 382 1207 in
402 1164 466 1206 eum
489 1166 505 1207 a
527 1149 678 1224 sexaginta
703 1149 841 1228 amplius,
865 1148 937 1209 Gaio
965 1146 1067 1208 (laesio

16 1310 19 1315 Ι
59 1238 220 1316 Marcoque
233 1243 263 1294 et
283 1232 405 1293 Decime
424 1230 513 1291 Bruto
532 1233 712 1312 principibus
738 1235 973 1313 conspirationis.
1013 1233 1068 1308 Qui

24 1330 26 1335 '
62 1324 182 1401 primum
205 1319 347 1395 cunctati,
371 1325 501 1376 utrumne
524 1317 552 1374 in
575 1315 684 1398 Campo
706 1336 760 1397 per
784 1319 899 1378 comitia
924 1317 1015 1377 tribus
1032 1316 1068 1378 ad

10 1398 25 1469 ἱ
61 1407 199 1482 suffragia
220 1411 374 1463 vocantem
396 1400 526 1479 partibus
550 1400 648 1462 divisis
667 1422 683 1462 e
701 1411 792 1482 ponte
814 1402 964 1467 deicerent
982 1411 1068 1481 atque

10 1545 14 1554 .
61 1499 217 1568 exceptum
244 1485 439 1561 trucidarent,
463 1503 497 1544 an
521 1485 549 1543 in
575 1487 665 1548 Sacra
686 1486 793 1547 viavel
817 1489 847 1547 in
870 1486 946 1547 aditu
964 1486 1068 1547 theatri

15 1593 50 1637 15
61 1575 257 1634 adorirentur:
282 1580 436 1650 postquam
457 1579 573 1629 senatus
593 1570 690 1630 ldihus
709 1570 819 1631 llartiis
834 1574 863 1631 in
880 1571 1001 1651 Pompei
1020 1590 1067 1631 cu·

10 1706 20 1713 .
60 1661 132 1719 riam
144 1658 257 1718 edictus
270 1664 330 1732 est,
353 1654 442 1714 facile
460 1663 573 1732 tempus
585 1663 615 1714 et
630 1656 728 1716 locum
740 1655 949 1734 praetulerunt.

10 1750 13 1755 '
124 1742 183 1802 Sed
203 1740 323 1802 Caesari
343 1739 438 1798 futura
463 1737 569 1798 caedes
586 1739 766 1800 evidentibus
791 1740 933 1819 prodigiis
957 1739 1106 1800 denua-81

10 1848 30 1895 a·
61 1829 129 1887 tiata
152 1835 207 1886 est.
240 1824 355 1884 Paucos
384 1830 450 1883 ante
472 1840 605 1902 menses,
632 1842 696 1884 cunr
710 1826 739 1884 in
761 1824 878 1886 colonia
899 1823 998 1903 Capua
1017 1825 1066 1885 de-

62 1912 140 1971 ducti
172 1911 241 1988 lege
272 1907 344 1968 Iulia
367 1907 465 1966 coloni
491 1906 527 1967 ad
555 1909 730 1970 extruendas
759 1909 844 1969 villas
873 1911 1068 1969 vetustissima

10 1900 219 2075 &sepulchra
243 1992 436 2068 dissicerent,
455 1990 542 2070 idque
562 2010 599 2052 eo
629 1993 784 2053 studiosius
809 1993 958 2070 iacerent,
990 1991 1068 2071 quod

60 2081 237 2159 aliquantum
260 2074 447 2137 vasculorum
476 2077 576 2153 operis
603 2079 710 2156 antiqui
741 2085 905 2137 scrutantes
938 2077 1067 2156 reperie-

60 2165 146 2240 bant,
169 2161 267 2223 tabula
288 2177 380 2220 aenea
401 2161 430 2218 in
448 2160 640 2238 monimento,
671 2163 707 2219 in·
720 2178 777 2240 quo
801 2159 951 2221 dicebatur
970 2160 1068 2240 Capys

10 2246 35 2309 ἐ
61 2248 198 2310 conditor
225 2244 343 2324 Capuae
366 2244 514 2322 sepultus,
546 2244 663 2306 inventa
683 2254 743 2322 est,
772 2246 941 2324 conscripta
963 2246 1067 2306 litteris

10 2338 31 2383 Ι
57 2333 220 2410 verbisque
243 2328 363 2390 Graecis
381 2327 436 2387 hac
457 2331 616 2406 sententia,
645 2328 839 2410 Quandoque
859 2348 935 2391 oasa
951 2328 1069 2410 Capyis

10 2420 46 2471 Β
59 2419 183 2478 detecto
199 2419 314 2488 esseut,
337 2411 410 2490 fore
429 2420 463 2473 ut
482 2410 551 2473 luto
567 2422 744 2494 propuutuc
763 2432 858 2475 mauu
881 2415 1066 2495 concorsque·-

10 2504 27 2550 ⁵
55 2519 188 2564 meorum
202 2501 368 2561 necaretur
379 2496 561 2578 maquieque
581 2517 655 2559 mou
674 2497 790 2560 Itutiue
810 2498 955 2560 cladibus
966 2500 1065 2561 viudi-

10 2590 23 2651 ,Ι
55 2591 196 2648 caretur.
236 2581 324 2643 Cuius
350 2582 410 2659 rei,
439 2600 475 2641 ne
498 2583 561 2660 quis
583 2582 746 2645 fabulosam
768 2592 815 2644 aut
839 2586 1067 2651 commenticiam

10 2670 21 2732 l
55 2678 161 2751 putet,
189 2674 354 2730 auctorest
373 2664 527 2725 Cornelius
553 2666 677 2747 Balbus,
700 2669 937 2730 familiarissimus
961 2667 1067 2728 Gaesa-

52 2758 111 2816 ris.
145 2752 288 2814 Proximis
314 2748 416 2809 diebus
439 2767 579 2828 equorum
606 2771 732 2832 greges,
761 2771 835 2832 quos
857 2755 886 2812 in
905 2751 1067 2813 traiciendo

10 2837 214 2913 Phlabicone
240 2836 355 2895 humine
389 2845 577 2896 consecrarat
610 2856 646 2897 ac
667 2855 763 2913 vagos
795 2846 825 2896 et
853 2839 917 2896 sine
945 2835 1067 2896 custode

10 2924 14 2963 ¹
52 2924 226 2998 dimiserat,
247 2920 390 2998 comperit
411 2920 643 2997 pertinacissime
673 2922 782 3000 pabulo
808 2921 956 2982 abstinere
982 2919 1067 2978 uber·

10 3009 14 3086 i
51 3011 169 3086 timque
195 3005 277 3065 dere.
320 3001 359 3061 Et
380 3001 575 3064 immolantem
602 3004 750 3084 haruspex
779 3005 921 3084 Spurinna
947 3005 1067 3081 monuit,

10 3092 14 3132 i
50 3096 189 3154 cavent
213 3085 401 3168 periculum,
429 3086 514 3165 quod
535 3106 598 3148 uou
620 3089 706 3149 ulau
729 3088 867 3149 Murtias
891 3086 969 3148 idue
992 3106 1066 3167 prc-

10 3178 16 3217 i
43 3176 207 3256 ferretur.
241 3171 337 3232 Pridie
356 3179 450 3231 autem
468 3172 586 3232 easdem
606 3171 674 3232 ldus
695 3191 778 3233 arem
795 3173 985 3249 regaliolum,
1005 3190 1068 3231 cum

10 3260 163 3327 {laureo
189 3255 300 3318 ramulo
322 3254 518 3333 Pompeianae
542 3257 639 3316 curiae
663 3275 696 3316 se
718 3257 907 3333 inferentem,
930 3257 1067 3316 volucres

49 3345 133 3406 varii
158 3341 276 3419 generis
302 3357 341 3399 ex
370 3340 504 3419 proximo
533 3358 653 3400 nemore
680 3349 856 3419 persecutae
879 3340 984 3400 ibidem
1011 3339 1066 3400 die·

53 3434 245 3506 carpserunt.
266 3421 310 3485 Ea
326 3441 399 3484 vero
421 3430 523 3501 nocte,
548 3427 594 3484 cui
612 3424 714 3484 inluxit
735 3424 797 3484 dies
818 3425 931 3502 caedis,
956 3426 1067 3503 etipse

49 3513 116 3574 sibi
139 3512 220 3570 visus
240 3516 286 3568 est
317 3525 373 3586 per
395 3508 520 3586 quietern
544 3508 686 3569 interdum
707 3526 794 3587 supra
815 3509 909 3569 nubes
931 3509 1067 3586 volitare,

15 3626 47 3709 q
111 3614 269 3664 sennenque.
841 3594 859 3652 3
