2286 3944
370 195 472 242 orvus
491 196 615 244 rubrus.
716 163 719 168 ¹
955 185 991 244 11
1065 260 1068 264 .

10 349 40 409 lli
59 349 184 409 feminae
198 347 277 424 fore,
294 347 487 425 responderet
501 350 582 428 quasi
597 350 749 428 adludens,
766 352 799 411 im
810 350 905 429 Syrio
918 368 991 429 qoo-

10 451 47 494 ιω
61 448 211 512 reputasse
221 429 422 508 Semiramide,
437 450 640 512 mopmomqoe
654 432 751 494 Asiae
764 444 885 513 portem
897 432 991 494 Amo·

10 533 86 579 omos
104 516 237 576 tenuisse
254 515 417 594 quomdam.

51 600 180 660 Functus
196 599 355 677 consulatu,
372 600 442 660 Gaio
458 600 591 661 Memmio
605 603 752 680 Lucioque
766 602 892 662 Domitio
908 611 1035 680 prae-23
1067 664 1069 668 ,

10 672 347 762 tribusdmilpe‘iib‘ris
371 685 437 742 anni
462 686 533 743 actis
563 685 772 762 referentibus,
798 688 992 763 cognitionem

10 769 100 829 enatui
131 767 250 842 detulit;
279 785 334 826 nec
360 768 411 827 illo
441 769 635 846 suscipiente,
664 770 817 848 triduoque
847 788 901 848 per
926 769 991 827 iuri·

10 871 32 912 us
55 852 261 934 altercationes
289 850 458 929 absumpto,
481 852 508 910 in
536 853 716 931 provinciam
741 853 824 922 abiit;
849 863 877 912 et
899 853 993 911 statim

10 944 128 996 uaestor
157 936 218 994 eius
244 936 272 992 in
299 935 504 1013 praeiudicium
530 936 641 1014 aliquot
667 937 831 996 criminibus
860 944 993 1013 arreptus

10 1029 42 1080 st.
87 1019 158 1079 blox
179 1027 208 1077 et
229 1019 294 1096 ipse
313 1037 329 1078 a
345 1019 433 1078 Lucio
452 1019 576 1078 Antistio
595 1021 654 1080 ΤΒ.
671 1020 725 1080 PL.
744 1019 920 1099 postulatus,
943 1036 993 1096 up-

10 1103 100 1164 ellato
128 1102 239 1161 demum
269 1102 397 1178 collegio
425 1105 561 1180 optinuit,
591 1123 654 1163 cum
680 1105 724 1163 rei
749 1104 882 1183 publicae
906 1120 992 1162 causa

10 1188 108 1246 desset
123 1204 191 1245 reus
206 1204 243 1245 ne
264 1187 356 1245 lieret.
400 1184 446 1244 Ad
462 1190 645 1247 securitatem
662 1204 734 1264 ergo
753 1189 864 1266 posteri
881 1196 992 1263 tempo·

10 1290 28 1332 s
49 1274 78 1330 in
99 1286 205 1345 magno
227 1270 347 1346 negotio
368 1269 466 1329 habuit
482 1270 614 1348 obligare
637 1290 755 1350 semper
775 1289 885 1331 annuos
901 1270 992 1346 magi·

10 1363 113 1430 batus,
135 1360 165 1412 et
185 1371 201 1411 e
224 1353 395 1431 petitoribus
409 1371 468 1412 non
490 1355 564 1414 alios
580 1355 717 1414 adiuvare
734 1365 780 1414 aut
801 1354 836 1414 ad
851 1355 992 1414 honorem

11 1439 49 1498 ati
66 1437 239 1517 pervenire,
256 1454 342 1514 quarn
359 1437 407 1515 qui
421 1437 476 1496 sibi
491 1442 673 1517 recepissent
691 1448 926 1517 propugnaturos
943 1437 991 1497 ab·

10 1522 112 1582 entiam
128 1539 223 1589 suam;
249 1522 329 1579 ouius
345 1522 421 1599 pacti
438 1539 495 1580 non
514 1522 651 1581 dubitavit
667 1541 683 1582 a
701 1522 869 1600 quibusdam
884 1524 928 1579 ius
949 1521 991 1579 iu-

10 1605 109 1665 andum
131 1613 217 1682 atque
238 1605 323 1663 etiarn
343 1605 537 1683 syngrapham
553 1608 683 1682 exigere.
729 1607 787 1665 Sed
811 1625 874 1665 oum
888 1605 1035 1664 Luciushd

10 1689 131 1749 tomitius
152 1687 318 1747 consulatus
341 1688 506 1748 candidatus
535 1690 629 1768 palam
650 1692 820 1767 minaretur,
844 1688 992 1748 consulem

10 1793 21 1833 e
38 1773 208 1832 effecturum
221 1771 299 1849 quod
312 1780 430 1850 praetor
441 1775 591 1851 nequisset
603 1773 859 1852 adempturumque
869 1773 896 1830 ei
908 1789 991 1830 exer-

10 1860 78 1934 ¹tuo,
104 1853 240 1915 Crassum
255 1855 481 1934 Pompeiumque
502 1859 531 1915 in
552 1857 651 1916 urbem
668 1859 835 1934 provinciae
853 1874 923 1916 suae
938 1854 992 1913 Lu·

10 1960 52 2002 uu
75 1947 222 1999 extractos
245 1939 389 2018 conpulit,
412 1949 442 1998 ut
464 1940 632 2000 detrudendi
648 1939 765 1999 Domitii
787 1958 873 1999 causa
889 1955 991 1998 oonsu-

10 2035 76 2086 tum
103 2023 223 2082 alterum
249 2031 396 2100 peterent,
423 2025 606 2102 perfecitque
631 2043 686 2101 per
712 2033 879 2100 utrumque,
908 2029 938 2079 ut
963 2021 992 2078 in

10 2108 213 2186 uinquennium
238 2105 293 2165 sibi
315 2107 464 2184 imperium
485 2116 705 2186 prorogaretur.
751 2108 813 2181 Qua
836 2105 938 2164 fiducia
957 2103 993 2162 ad

10 2192 141 2270 egiones,
162 2207 233 2268 quas
254 2208 318 2249 are
334 2190 449 2269 publica
465 2200 639 2270 acceperat,
660 2191 731 2250 alias
748 2191 862 2269 privato
879 2195 992 2266 sumptu

10 2275 111 2350 ididit,
135 2291 219 2333 unam
240 2275 325 2333 etiam
342 2293 379 2333 ex
394 2274 591 2354 Transalpinis
613 2276 823 2352 conscriptam,
846 2271 991 2331 vocabulo

10 2375 109 2436 noque
125 2357 236 2418 Gallico
255 2357 383 2435 (Alauda
405 2359 481 2418 enim
498 2358 716 2438 appellabatur)
740 2376 823 2436 quam
841 2355 992 2434 disciplina

10 2444 128 2519 ultuquc
146 2441 278 2502 Romano
298 2443 452 2502 institutam
462 2452 511 2517 ‘flet
531 2452 675 2520 ornatam,
701 2451 805 2520 postea
829 2442 992 2500 universam

10 2527 110 2586 [vitate
131 2524 256 2585 donavit.
300 2525 365 2584 Nec
387 2525 490 2585 deiude
511 2527 570 2586 ulla
590 2526 661 2585 belli
688 2527 865 2600 occasione,
892 2543 928 2582 ne
950 2525 991 2581 in·

10 2610 58 2670 usti
74 2608 188 2686 quidem
204 2627 240 2668 ac
255 2609 412 2687 periculosi
432 2610 580 2686 abstinuit,
604 2619 660 2669 tam
678 2610 836 2669 foederatis
852 2625 936 2684 quam
950 2608 992 2665 in-

10 2693 75 2754 istis
87 2710 121 2751 ac
133 2693 204 2752 ieris
219 2693 354 2770 gentibus
366 2694 441 2753 ultro
456 2693 618 2769 lacessitis,
634 2693 707 2752 adeo
724 2703 754 2752 ut
769 2700 886 2752 senatus
903 2706 992 2767 quon-

10 2794 58 2837 am
73 2776 190 2853 legatos
205 2776 241 2836 ad
262 2776 471 2855 explorandum
486 2787 588 2838 statum
604 2776 757 2838 Galliarum
772 2774 926 2835 mittendos
944 2773 992 2830 de·

10 2860 135 2936 reverit,
152 2879 187 2920 ac
200 2861 329 2920 nonnulli
342 2861 500 2921 dedendum
516 2881 579 2921 eoru
589 2861 720 2920 hostibus
734 2859 906 2920 censuerint.
935 2853 993 2916 Sed

10 2961 136 3023 rospere
164 2944 371 3005 decedentibus
391 2946 491 3023 rebus,
516 2955 544 3005 et
565 2947 682 3022 saepius
703 2953 732 3004 et
760 2944 883 3022 plurium
909 2957 993 3017 quam

10 3030 143 3106 uisquam
158 3046 291 3107 umquam
308 3029 416 3088 dierum
432 3030 660 3108 supplicationes
678 3028 851 3105 impetravit.
898 3023 993 3084 Gessit
1001 3025 1035 3079 25

10 3123 87 3173 utem
102 3130 208 3172 novem
222 3114 320 3190 aunis,
338 3112 440 3191 quibus
454 3114 482 3172 in
499 3113 620 3191 imperio
637 3113 704 3187 fuit,
720 3111 794 3170 baec
808 3111 881 3168 iere.

56 3195 177 3256 Omnem
204 3196 343 3274 Galliam,
371 3215 445 3275 quae
473 3197 545 3256 saltu
572 3195 723 3270 Pyrenaeo
752 3193 935 3272 Alpibusque
963 3200 992 3250 ct

10 3289 90 3341 tonte
115 3280 270 3358 Gabenna,
293 3281 453 3341 huminibus
473 3280 576 3340 Rheno
600 3297 634 3337 ac
654 3277 796 3338 Rhodano
820 3278 991 3352 continetur,

10 3373 132 3444 atetque
157 3366 277 3425 circuitu
305 3363 340 3425 ad
367 3363 463 3424 biset
487 3365 585 3423 tricies
610 3372 722 3421 centum
748 3361 824 3421 milia
846 3379 991 3440 passuum,

10 3458 111 3509 raeter
131 3449 229 3509 socias
249 3467 284 3510 ac
308 3448 383 3508 bene
401 3449 517 3507 meritas
534 3447 681 3524 civitates,
704 3448 732 3505 in
750 3446 917 3525 provinciae
933 3445 993 3505 ior·
