2256 3930
118 222 137 284 8
208 234 238 280 c.
254 231 403 280 suarem
419 232 546 290 unane.
562 233 609 278 nu
624 233 707 279 vura
723 232 908 281 cansarum
923 233 998 283 nm.
1013 234 1038 283 1.

118 387 218 447 cilicio
231 386 400 466 frequentes
415 385 635 463 obstinatosque
647 385 682 445 ad
694 385 885 463 resistendum
898 392 1120 450 concucurrisse

79 485 110 538 16
124 469 279 545 cernebat,
305 469 380 528 banc
403 469 517 548 quidem
538 470 680 529 actionem
701 469 844 548 deposuit.
889 467 1032 532 Ceterum
1054 471 1110 534 Cae

120 553 186 614 cilio
203 552 323 613 bletello
339 552 451 612 tribuno
474 552 569 630 plebis
591 552 851 613 turbulentissimas
872 552 962 630 leges
983 555 1120 616 adversus

119 637 297 714 collegarum
313 637 552 696 intercessionem
567 635 672 695 ferenti
694 644 841 713 auctorem
857 647 1119 716 propugnatorem·

119 739 175 800 que
191 739 223 780 se
239 720 467 798 pertinacissime
484 719 643 797 praestitit,
662 718 757 779 donec
771 719 855 779 ambo
873 719 1120 784 administratione

118 806 160 864 rei
174 802 308 882 publicae
324 802 443 862 decreto
460 811 571 881 patrum
585 803 835 863 submovereutur.
862 802 909 863 Ac
923 804 1120 866 nibilominus

118 905 288 967 permanere
300 889 328 944 in
342 888 510 964 magistratu
526 895 555 946 et
571 885 615 944 ius
631 886 728 945 dicere
746 904 847 962 ansus,
863 895 894 946 ut
911 891 1060 967 comperit
1076 908 1119 968 pa·

117 981 211 1047 ratos,
239 971 287 1049 qui
309 971 338 1028 vi
363 988 398 1030 ac
420 988 473 1048 per
495 987 572 1028 arma
597 969 798 1048 prohiberent,
819 969 947 1030 dimissis
969 971 1119 1032 lictoribus

117 1055 289 1132 abiectaque
311 1061 462 1131 praetexta
489 1052 602 1112 domum
624 1053 697 1112 clam
718 1053 842 1131 refugit,
867 1070 921 1132 pro
954 1055 1119 1116 conditione

117 1149 278 1216 temporum
291 1139 448 1214 quieturus.
475 1135 683 1196 Multitudinem
695 1154 812 1215 quoqne
827 1136 913 1197 biduo
930 1147 1001 1216 post
1017 1148 1118 1218 sponte

117 1231 146 1282 et
167 1222 242 1280 ultro
265 1220 455 1280 conllnentem
479 1238 657 1298 operamque
679 1221 734 1279 sibi
753 1222 781 1279 in
800 1220 964 1281 adserenda
983 1222 1119 1300 dignitate

116 1305 317 1364 tumultuosius
346 1303 534 1381 pollicentem
568 1305 748 1382 conpescuit,
791 1303 877 1380 Quod
909 1323 975 1364 cum
1005 1315 1119 1384 praeter

117 1389 283 1467 opinionem
302 1387 465 1462 evenisset,
490 1395 623 1464 senatus,
647 1387 684 1447 ob
702 1385 824 1448 eundem
847 1395 962 1448 coetum
985 1389 1119 1449 festinato

118 1479 253 1546 coactus,
276 1471 385 1545 gratias
411 1471 438 1529 ei
460 1489 513 1548 per
532 1472 674 1548 primores
694 1472 774 1530 viros
794 1473 870 1550 egit,
893 1472 1081 1551 accitumque
1096 1475 1120 1531 iu

118 1556 223 1613 curiam
246 1561 274 1611 et
290 1553 473 1631 amplissimis
493 1553 593 1614 verbis
616 1553 816 1614 conlaudatum
831 1557 859 1614 in
873 1557 1024 1633 integrum
1041 1558 1118 1618 resti-

115 1639 182 1712 tuit,
197 1636 312 1695 inducto
332 1639 429 1715 priore
446 1637 575 1698 decreto.

79 1698 124 1795 qb}
178 1720 293 1781 Recidit
311 1739 410 1780 rursus
434 1721 462 1778 in
480 1721 633 1780 discrimen
655 1721 745 1799 aliud,
769 1723 844 1781 inter
863 1723 964 1783 socios
981 1721 1119 1785 Catilinae

88 1812 92 1817 '
115 1805 277 1865 nominatus
294 1813 323 1862 et
346 1803 422 1882 apud
436 1801 560 1863 Novium
574 1803 694 1880 Nigrum
711 1814 894 1883 quaestorem
912 1823 929 1866 a
944 1805 1038 1867 lucio
1055 1809 1118 1869 Vet-

116 1890 156 1948 tio
173 1887 267 1946 indice
284 1888 355 1946 etin
373 1895 475 1946 senatu
492 1906 508 1946 a
524 1887 629 1961 Quinto
645 1887 748 1964 Curio,
761 1890 819 1965 cui,
837 1889 913 1967 quod
926 1892 1040 1968 primus
1056 1909 1119 1951 con·

116 1973 178 2033 silia
193 1972 406 2031 coniuratorum
417 1971 579 2046 detexerat,
592 1972 745 2030 constituta
757 1981 838 2031 erant
851 1973 968 2051 publice
980 1976 1119 2052 praemia.

117 2057 252 2118 Guriuse
269 2052 392 2115 Catilina
409 2073 441 2114 se
457 2056 635 2132 cognovisse
651 2052 781 2131 dicebat,
797 2057 912 2116 Vettius
924 2059 1013 2117 etiam
1027 2059 1119 2118 cuirc-

115 2139 257 2218 graphum
276 2138 356 2214 eius,
381 2137 522 2199 Catilinae
546 2137 655 2213 datum,
672 2137 872 2214 pollicebatur.
906 2139 940 2200 ld
956 2159 1033 2201 vero
1050 2140 1120 2202 Gae-

116 2243 164 2284 sar
179 2223 258 2282 nullo
275 2221 361 2281 modo
384 2221 565 2282 tolerandum
581 2221 761 2297 existimaus,
787 2240 849 2280 cum
872 2223 1022 2302 inplorato
1040 2220 1120 2285 Cice-

115 2308 195 2367 ronis
218 2306 382 2365 testimonio
405 2304 544 2383 quaedam
569 2304 659 2363 sede
684 2305 881 2365 coniuratione
903 2307 979 2368 ultro
1002 2307 1041 2368 ad
1058 2325 1121 2367 eum

116 2390 255 2450 detulisse
272 2388 440 2463 docuisset,
456 2405 493 2445 ne
512 2387 599 2447 Curio
617 2389 744 2465 praemia
761 2388 895 2449 darentur
918 2390 1034 2460 ellecit;
1050 2392 1117 2451 Vct

115 2476 183 2533 tium
199 2471 371 2548 pignoribus
388 2473 492 2548 captis,
510 2481 538 2530 et
554 2471 664 2550 direpta
677 2471 860 2549 supellectile
876 2473 952 2533 mule
966 2474 1120 2535 mulcatum

116 2574 151 2616 ac
168 2555 338 2631 prorostris
358 2555 386 2611 in
408 2555 542 2613 contione
560 2572 653 2632 paene
671 2555 863 2634 discerptum,
886 2557 993 2616 coiecit
1011 2559 1042 2617 in
1060 2577 1120 2618 car·

117 2655 229 2706 cercm;
254 2636 357 2697 eodem
376 2636 500 2696 Novium
523 2647 722 2716 quaestorem,
747 2639 824 2717 quod
847 2640 1020 2719 compellari
1045 2640 1120 2720 apud

116 2741 148 2782 se
165 2723 302 2780 maiorem
318 2729 492 2799 potestatem
509 2740 612 2799 passus
629 2730 717 2781 esset.
801 2783 805 2790 ,

79 2822 106 2876 13
179 2804 225 2864 Ex
253 2814 388 2882 praetura
414 2804 579 2864 ulteriorem
605 2806 727 2879 sortitus,
746 2805 930 2884 Hispaniam,
960 2810 1119 2869 retinentcs

117 2889 280 2951 creditores
298 2890 460 2946 interventu
472 2906 646 2966 sponsorum
660 2892 792 2966 remouit,
809 2907 844 2950 ac
858 2909 953 2969 neque
969 2909 1056 2952 more
1072 2913 1119 2952 ne·

116 2993 171 3052 que
189 2974 265 3047 iure,
289 2981 355 3032 aute
379 2990 462 3049 quam
481 2973 648 3049 provinciae
670 2982 856 3051 ornarentur,
882 2975 1037 3052 proiectus
1059 2985 1118 3036 est·

115 3061 273 3132 incertum,
297 3065 411 3115 metune
435 3055 545 3131 iudicii,
570 3055 647 3133 quod
670 3059 783 3134 privato
810 3058 979 3136 parabatur,
1005 3078 1042 3120 an
1065 3077 1119 3138 quo

114 3141 251 3201 maturius
273 3140 361 3199 sociis
380 3139 590 3217 inplorantibus
612 3139 794 3209 subveniret;
820 3150 981 3219 pacataque
1002 3145 1118 3220 provin-

116 3225 177 3299 cia,
203 3225 264 3300 pari
288 3224 490 3299 festinatione,
512 3240 569 3281 non
586 3232 741 3300 expectato
758 3242 948 3301 successore,
969 3225 1006 3285 ad
1026 3227 1118 3285 trium·

116 3307 202 3384 plnum
219 3307 299 3365 simul
319 3306 556 3383 consulatumque
578 3305 712 3365 decessit.
758 3307 815 3366 Sed
836 3326 915 3384 cum,
939 3307 1045 3368 edictis
1067 3311 1118 3368 iam

116 3391 243 3463 comitis,
269 3391 341 3449 ratio
361 3391 421 3448 eius
443 3389 544 3448 haberi
562 3407 618 3448 non
637 3400 739 3467 posset
756 3391 808 3449 nisi
828 3391 956 3468 privatus
972 3392 1120 3452 introisset

113 3473 234 3544 urbem,
262 3481 290 3528 et
313 3472 445 3530 ambienti
467 3481 496 3530 ut
515 3473 630 3547 legibus
653 3473 815 3533 solveretur
837 3474 917 3535 multi
938 3476 1118 3536 contradice-
