2286 3944
112 214 172 278 152
215 227 247 276 c.
259 226 411 276 suuuom
428 225 557 284 ummo.
573 225 621 272 uu
636 224 720 271 mus
734 222 921 272 cumennora
935 223 1009 273 nm.
1023 224 1058 273 v.

70 391 102 442 ιο
112 380 283 462 pependerit
312 380 364 440 sub
394 379 489 440 edicto
524 379 749 459 praefectorum.
797 377 855 437 Per
880 377 956 439 baec
986 396 1021 438 ac
1047 378 1110 437 talia

110 467 232 525 maxima
257 466 359 523 aetatis
386 472 469 542 parte
494 472 655 538 transacta,
691 462 932 540 quinquagesimo
960 478 1037 521 auno
1063 461 1109 520 im·

110 549 221 628 perium
238 548 316 626 cepit
331 548 510 626 quantumvis
524 546 647 606 mirabili
663 563 740 605 casu.
779 544 924 604 Exclusus
944 546 1022 604 inter
1037 552 1110 605 cete·

109 649 159 692 ros
175 631 210 691 ab
232 630 445 691 insidiatoribus
469 629 534 707 Gai,
559 648 638 706 cum,
661 630 743 706 quasi
769 637 914 688 secretum
935 646 972 689 eo
1001 627 1110 688 deside·

110 725 206 792 rante,
241 713 353 774 turbam
386 714 605 791 submoverent,
633 714 662 771 in
691 711 832 788 diaetam,
860 713 905 771 cui
934 729 1041 772 nomen
1068 718 1126 770 estu

109 798 297 875 Hermaeum,
321 807 502 865 recesserat;
537 815 631 876 neque
656 795 745 855 multo
773 804 840 873 post
867 813 984 856 rumore
1016 794 1111 856 caedis

110 883 283 958 exterritus,
307 883 454 961 prorepsit
475 880 510 940 ad
531 881 666 940 solarium
687 879 848 958 proximum
874 879 1008 958 interque
1032 895 1109 957 prae·

109 975 188 1026 tenta
220 965 332 1026 loribus
357 965 422 1024 vela
451 983 484 1024 se
511 964 627 1023 abdidit.
670 962 817 1022 latentem
844 962 1012 1033 discurrens
1037 962 1111 1021 forte

110 1051 263 1127 gregarius
280 1049 378 1126 miles,
397 1047 603 1107 animadversis
621 1045 757 1125 pedibus,
787 1064 805 1105 e
829 1046 924 1106 studio
947 1043 1112 1105 sciscitandi

110 1134 239 1212 quisnam
255 1141 347 1207 esset,
371 1131 524 1208 adgnovit,
547 1139 765 1209 extractumque
780 1138 810 1189 et
831 1147 901 1209 prae
918 1137 995 1189 metu
1012 1129 1048 1189 ad
1063 1140 1135 1205 get

110 1235 165 1276 uua
186 1215 241 1275 sibi
267 1215 445 1275 adcidentem
468 1216 673 1293 imperatorem
693 1213 835 1273 salutavit.
879 1213 953 1273 llinc
980 1212 1016 1272 ad
1041 1212 1112 1272 alios

111 1298 321 1359 commilitones
339 1298 501 1357 fluctuantis
524 1316 580 1356 nec
603 1299 755 1376 quicquam
771 1295 862 1356 adhuc
881 1315 965 1374 quam
989 1296 1111 1355 lremen·

109 1385 145 1443 tis
162 1382 303 1460 perduxit.
347 1380 393 1439 hh
410 1381 453 1440 his
470 1381 593 1441 lecticae
608 1383 760 1460 impositus
782 1389 826 1456 et,
852 1381 918 1459 quia
933 1381 978 1439 sui
993 1379 1111 1455 did'uge·

109 1473 188 1540 rant,
210 1465 337 1524 vicissim
360 1464 587 1524 succollantibus
608 1466 636 1524 in
659 1473 753 1524 castra
776 1462 888 1523 delatus
909 1471 956 1524 est
971 1464 1062 1523 tristis
1079 1479 1111 1521 ac

109 1545 252 1626 trepidus,
281 1549 434 1607 miserante
456 1548 541 1609 obvia
564 1549 647 1608 turba
659 1549 741 1626 quasi
757 1547 792 1608 ad
815 1564 939 1625 poenam
958 1555 1134 1625 rapereturu

109 1631 218 1691 insons.
262 1631 411 1708 Receptus
426 1632 499 1691 intra
516 1632 637 1709 vallum,
661 1633 736 1692 iuter
754 1629 893 1691 excubias
907 1630 1027 1690 militum
1048 1647 1110 1709 per·

109 1715 253 1790 noctavit,
276 1714 421 1792 aliquanto
436 1717 547 1776 minore
563 1734 616 1794 spe
633 1733 716 1794 quam
731 1714 843 1776 fiducia.
887 1713 960 1775 Nam
977 1713 1112 1774 consules

111 1815 173 1857 cum
191 1806 291 1856 senatu
308 1807 338 1857 et
353 1798 520 1858 cohortibus
536 1799 651 1859 urbanis
666 1799 759 1858 lorum
775 1796 1008 1876 Capitoliumque
1027 1815 1110 1858 occu·

110 1889 266 1960 paverant,
295 1883 433 1942 asserturi
461 1901 637 1942 communem
665 1883 841 1950 libertatem;
882 1883 1052 1960 accitusque
1084 1886 1111 1939 et

110 1965 175 2044 lpse
191 1981 244 2042 per
260 1965 320 2026 ΤΒ.
336 1965 389 2025 PL.
405 1967 433 2024 in
449 1969 554 2027 curiam
571 1966 605 2026 ad
624 1966 768 2026 suadenda
788 1983 860 2044 quae
877 1965 1059 2042 viderentur,
1081 1962 1135 2023 ot'tt

109 2065 144 2108 ac
158 2053 188 2108 et
203 2051 385 2110 necessitate
408 2051 505 2110 teneri
522 2049 682 2129 respondit.
728 2051 835 2111 Verum
856 2057 976 2127 postero
998 2047 1064 2124 die,
1085 2054 1112 2105 et

111 2141 211 2192 senatu
226 2135 363 2210 segniore
382 2136 410 2193 iu
426 2134 605 2213 exequendis
627 2132 776 2194 conatibus
794 2150 847 2211 per
866 2131 990 2193 taedium
1008 2131 1110 2192 aedis

111 2217 277 2276 sensionem
299 2217 414 2277 diversa
435 2221 625 2295 censentium,
645 2227 673 2277 et
692 2215 869 2276 multitudine
892 2234 966 2295 quae
993 2216 1110 2275 circum·

111 2297 205 2360 stabat
228 2318 311 2360 uuum
332 2310 477 2361 rectorem
493 2303 548 2362 iam
564 2311 593 2360 et
613 2301 778 2361 nominatim
800 2308 997 2379 exposcente,
1023 2316 1110 2359 arma·

110 2391 157 2442 tos
173 2399 227 2460 pro
246 2385 382 2443 contione
398 2385 493 2444 iurare
505 2387 533 2443 in
549 2402 653 2445 nomen
675 2403 756 2444 suum
773 2401 876 2462 passus
899 2392 944 2443 est
968 2384 1139 2462 promisit-a

112 2482 167 2544 que
191 2466 312 2540 singulis
339 2469 423 2544 quiue
451 2467 524 2527 dena
546 2469 695 2546 sestertia,
726 2469 833 2547 primus
850 2464 1007 2528 Caesarum
1029 2466 1112 2526 lidern

110 2547 208 2608 militis
224 2549 308 2608 etiam
324 2551 453 2627 praemio
468 2553 645 2630 pigneratus.

67 2632 100 2689 11
172 2629 299 2709 Imperio
321 2631 462 2710 stabilito,
491 2634 559 2693 nihil
578 2637 721 2714 antiquius
742 2636 820 2696 duxit
837 2653 922 2715 quam
938 2633 966 2693 id
985 2632 1110 2708 biduum,

111 2733 169 2795 quo
186 2714 221 2775 de
239 2715 372 2776 mutando
388 2718 430 2775 rei
447 2735 476 2796 p.
492 2726 566 2777 statu
582 2719 752 2781 haesitatum
772 2729 849 2796 erat,
880 2718 1037 2779 memoriae
1053 2719 1110 2776 exi·

110 2818 199 2860 mere.
244 2798 373 2860 Omnium
396 2801 492 2880 itaque
512 2801 652 2863 factorum
673 2803 873 2883 dictorumque
892 2803 920 2862 in
943 2817 979 2860 eo
1001 2801 1140 2860 veriano

111 2893 140 2944 et
167 2883 344 2946 oblivionem
370 2885 398 2943 in
429 2894 597 2964 perpetuum
625 2888 718 2947 sanxit
747 2906 781 2949 ac
808 2886 965 2967 praestitit,
992 2884 1112 2944 tribunis

110 2967 196 3028 modo
224 2985 259 3029 ac
281 2969 496 3030 centurionibus
518 2973 617 3047 paucis
634 2990 650 3030 e
672 2972 884 3032 coniuratorum
900 2971 928 3029 in
945 2967 1045 3029 Gaium
1064 2986 1111 3026 nu·

110 3069 190 3111 mero
206 3053 405 3132 interemptis,
440 3053 566 3132 exempli
591 3055 672 3114 simul
690 3073 776 3115 causa
794 3063 823 3115 et
844 3053 921 3134 quod
944 3070 1024 3112 suam
1043 3069 1112 3128 quo·

113 3153 169 3213 que
192 3136 311 3197 caedem
334 3136 547 3217 depoposcisse
568 3148 757 3215 cognoverat.
803 3137 971 3199 Conversus
992 3134 1060 3195 hinc
1079 3134 1113 3195 ad

113 3219 208 3279 olllcia
225 3221 358 3298 pietatis,
381 3223 424 3280 ius
442 3220 588 3281 iurandum
603 3241 698 3300 neque
714 3224 841 3282 sanctius
857 3221 910 3281 sibi
931 3237 1027 3298 neque
1050 3237 1111 3278 cre·
1122 3237 1142 3277 a

111 3299 190 3361 brius
210 3303 328 3364 instituit
356 3323 439 3383 quam
469 3324 522 3384 per
545 3305 713 3381 Augustum.
757 3303 852 3365 Aviae
880 3305 977 3365 liviae
1000 3302 1113 3362 divinos

111 3382 239 3444 honores
270 3395 298 3442 e*
324 3389 448 3447 nireensi
478 3406 582 3466 pomna
613 3405 725 3448 currum
750 3387 986 3467 elephantorum,
1014 3385 1113 3462 Augu·

112 3467 187 3527 stine
202 3468 322 3526 simil-21„
370 3471 532 3516 evermud·
584 3471 660 3512 ¹⁰³·
716 3469 871 3531 a-snfihus
885 3473 1003 3532 inferias
1019 3468 1113 3549 publi·
