2256 3930
464 225 635 274 minumus.
1004 217 1045 278 99

49 380 200 438 continuo.
232 378 406 437 Dominus
426 376 587 457 appellatus
609 379 785 458 aquodam,
813 379 988 440 denuntiavit
1009 399 1046 441 ue

49 481 85 520 se
111 462 232 540 amplius
257 460 447 520 contumeliae
478 477 564 519 causa
583 463 750 522 nominaret.
785 463 881 522 Alium
904 462 1047 524 dicentem

50 562 182 603 sacras
220 545 281 602 eius
317 544 526 622 occupationes
560 551 590 601 et
623 563 720 603 rursus
755 547 857 623 alium,
893 557 1047 607 auctore

49 645 88 686 eo
111 636 239 686 senatum
260 645 293 686 sc
314 627 425 703 adisse,
448 625 538 685 verba
557 635 667 687 mutare
688 636 717 686 et
732 646 786 706 pro
808 638 927 689 auctore
948 649 1046 691 suaso-

11 727 127 786 srem,
161 727 215 788 pro
237 711 329 770 sacris
354 708 516 769 laboriosas
540 708 638 768 dicere
663 713 770 786 coegit.
808 713 867 772 Sed
896 721 926 771 et
946 714 1091 779 adver-as

48 813 101 852 sus
118 795 249 853 convicia
267 792 416 870 malosque
435 809 566 851 rumores
588 802 616 852 et
637 793 747 854 famosa
763 794 800 855 de
815 815 848 854 sc
862 813 897 856 ac
912 798 970 854 suis
987 815 1046 857 car·

48 879 126 937 mina
143 878 238 935 firmus
254 893 289 935 ac
310 877 437 954 patiens,
462 874 582 934 subinde
599 876 734 953 iactabat,
756 878 788 937 iu
806 879 929 939 ciuitate
950 879 1049 939 libera

48 961 186 1038 linquam
196 966 379 1036 mentemque
389 958 505 1018 liberas
519 976 586 1018 esse
601 958 735 1029 debere;
751 969 780 1019 et
793 961 935 1039 quondam
949 971 1049 1022 senatu

49 1045 250 1120 cognitionem
267 1042 302 1101 de
322 1043 383 1100 eius
405 1041 482 1100 modi
499 1043 662 1101 criminibus
679 1061 713 1102 ac
729 1046 787 1102 reis
807 1044 964 1121 flagitante,
980 1043 1050 1105 Non

10 1133 183 1200 otantum,
208 1127 316 1202 inquit,
340 1124 396 1184 otii
413 1123 575 1198 babemus,
600 1132 634 1184 ut
656 1125 818 1203 implicare
836 1145 895 1187 nos
907 1127 1050 1204 pluribus

45 1209 179 1287 nepotiis
199 1207 364 1270 debeamus
372 1231 387 1276 ‚·
417 1208 447 1266 ci
464 1207 545 1267 banc
564 1208 734 1285 fenestram
750 1211 952 1288 aperueritis,
974 1211 1052 1272 nibil

48 1293 138 1353 aliud
163 1291 216 1369 uqi
238 1290 362 1351 sinetis:
389 1292 520 1350 amnium
543 1291 722 1352 inimicitiae
742 1293 801 1353 boc
819 1300 982 1371 praetenta
1007 1294 1051 1354 ad

45 1394 107 1436 nos
131 1374 316 1452 deferentur.
345 1372 433 1434 Extat
458 1383 487 1432 et
510 1391 605 1433 sermo
624 1377 686 1434 eius
708 1377 736 1434 in
760 1386 861 1437 senatu
882 1378 1047 1456 percivilis:

47 1458 205 1536 Siquidem
223 1459 344 1518 locutus
365 1457 457 1516 aliter
475 1457 587 1534 fucrit,
611 1457 694 1519 dabo
709 1477 837 1537 operam
851 1466 884 1520 ut
895 1461 1049 1520 rationem

15 1540 205 1618 ascetarum
218 1558 353 1601 meorum
366 1539 574 1619 dictorumque
586 1541 737 1613 reddam;
748 1544 778 1602 si
788 1543 1045 1622 perseveraverit,

47 1626 81 1684 in
94 1625 188 1684 uicem
204 1640 272 1684 eum
288 1622 393 1683 odero.

114 1706 210 1785 Atque
231 1708 305 1766 haec
326 1723 362 1765 eo
378 1705 550 1766 notabiliora
566 1717 664 1785 erant,
684 1708 760 1806 quod
777 1710 883 1787 ipsein
899 1708 1089 1788 appellen-29

48 1790 93 1849 dis
116 1789 345 1866 venerandisque
371 1798 400 1848 et
422 1790 543 1866 singulis
564 1799 593 1849 et
608 1793 751 1850 universis
768 1809 861 1869 prope
877 1801 1047 1853 excesserat

14 1872 225 1932 humanitatis
237 1872 361 1932 modum
394 1873 598 1932 Dissentiens
589 1893 618 1932 nr
635 1877 713 1934 curia
729 1893 744 1935 a
761 1875 795 1949 Q.
808 1875 927 1934 Haterio
930 1872 1045 1953 ,-lqno

10 1966 131 2029 oscas,
152 1957 253 2033 inquit,
269 1973 363 2035 rapo,
380 1955 497 2035 siquid
511 1956 663 2016 aduersus
679 1965 707 2017 te
722 1957 849 2018 liberius
863 1957 943 2017 sicut
956 1974 1045 2017 sena·

10 2044 97 2123 toi·
121 2037 241 2099 dinero
270 2039 308 2098 Et
333 2038 437 2097 delude
464 2041 556 2098 omnis
577 2040 749 2118 adloquens:
776 2041 855 2100 Diui
874 2047 903 2100 et
919 2059 1000 2101 nunc
1020 2046 1050 2100 ct

21 2138 143 2199 .saepe
166 2121 299 2182 aliasP.
323 2119 357 2181 0.
381 2119 492 2181 bonum
511 2127 540 2181 et
560 2123 731 2182 salutarem
748 2123 953 2200 principem,
962 2141 1048 2219 quem

18 2221 104 2289 3oos
118 2210 206 2264 tanta
222 2211 250 2264 et
264 2212 325 2265 tam
341 2203 441 2265 libera
454 2210 608 2282 potestate
622 2206 831 2280 immisistis,
846 2205 970 2265 senatui
981 2224 1045 2266 ser-

10 2282 114 2357 ¹,in're
126 2286 238 2348 debere
254 2294 283 2348 et
296 2287 450 2347 uniuersis
466 2287 585 2347 ciuibus
599 2305 703 2365 saepe,
721 2296 751 2349 et
762 2289 941 2367 plerumque
957 2289 1048 2349 etiam

10 2360 199 2458 {sinqulim
212 2389 309 2450 neque
323 2371 358 2431 id
371 2369 491 2430 dimisse
505 2389 553 2430 me
564 2372 717 2448 paenitet,
735 2380 764 2432 et
752 2371 875 2432 thonos
890 2379 919 2432 et
932 2388 1047 2455 aequos

10 2460 73 2540 et
83 2453 230 2532 faventes
243 2471 300 2514 cos
314 2453 411 2513 dabui
426 2453 565 2514 dominos
581 2461 610 2514 et
626 2455 728 2515 adbuc
741 2454 851 2516 babeo.

10 2588 22 2625 ξ
108 2537 183 2612 Quin
198 2539 282 2597 etiam
297 2539 426 2615 speciem
442 2537 581 2597 libertatis
597 2539 735 2616 quandam
751 2539 871 2615 induxit,
890 2555 1043 2600 conserva·
1034 2547 1087 2600 -30

10 2622 77 2681 tis
93 2621 206 2680 senatui
224 2638 258 2680 ac
274 2619 486 2697 magistratibus
503 2629 531 2679 et
546 2623 695 2682 maiestate
710 2624 828 2701 pristina
844 2630 873 2680 et
887 2630 1042 2700 potestate.

10 2696 147 2788 Neque
161 2712 218 2763 tam
230 2722 348 2782 parvum
364 2705 514 2783 quicquam
532 2723 625 2783 neque
640 2713 696 2765 tam
715 2722 847 2782 magnum
863 2703 972 2782 publici
988 2706 1043 2781 pri·

10 2790 162 2865 >vatique
177 2788 288 2863 negotii
304 2787 372 2863 iult,
388 2787 423 2846 de
439 2804 496 2866 quo
513 2805 571 2846 non
586 2787 622 2847 ad
639 2797 737 2866 patres
753 2789 938 2865 conscriptos
953 2787 1043 2845 reler-

25 2881 138 2932 retur:
155 2868 190 2928 de
202 2869 396 2968 vectigalibus
411 2887 445 2929 ac
460 2870 654 2949 monopoliis,
671 2871 707 2930 de
724 2868 890 2930 extruendis
911 2870 1043 2929 relicien·

24 2954 126 3016 disve
145 2953 301 3031 operibus,
322 2953 407 3012 etlam
422 2951 457 3011 de
470 2953 596 3029 legendo
611 2954 658 3013 vel
676 2951 891 3013 exauctorando
906 2952 995 3011 milite
1009 2968 1044 3010 ac

22 3032 190 3115 legionum
214 3044 244 3094 et
264 3035 436 3097 auxiliorum
455 3033 669 3114 descriptione,
690 3036 813 3114 denique
837 3034 939 3114 quibus
954 3035 1042 3113 impe-

18 3125 115 3182 rium
130 3121 286 3197 prorogari
302 3126 349 3178 aut
365 3118 591 3178 extraordinaria
605 3119 683 3179 bella
700 3119 841 3193 mandari,
863 3117 973 3196 quidet
989 3135 1043 3196 qua

19 3204 136 3266 forma
155 3220 256 3278 regum
278 3202 382 3261 litteris
399 3201 522 3260 rescribi
536 3201 675 3279 placeret.
704 3201 885 3262 Praefectum
907 3200 984 3277 alae,
1007 3199 1043 3259 de

19 3292 64 3348 vi
85 3295 116 3345 et
131 3286 239 3364 rapinis
254 3303 344 3362 rcum,
362 3302 476 3344 causam
491 3285 519 3344 in
532 3293 632 3343 senatu
644 3283 743 3343 dicere
756 3284 864 3360 coegit.
885 3282 1042 3363 Numquam

23 3371 152 3432 curiam
171 3370 226 3428 nisi
244 3369 323 3428 solus
346 3369 477 3436 intrarit;
499 3367 605 3427 lectica
621 3365 763 3445 quondam
777 3366 927 3426 introlatus
941 3385 1040 3444 aeger,

22 3454 165 3517 comites
188 3470 203 3512 a
225 3471 257 3511 se
278 3451 411 3511 removit.
445 3449 589 3526 Quaedam
610 3449 748 3510 adversus
772 3451 939 3589 sentprptiam
963 3467 1040 3510 suam
1049 3461 1080 3512 31
