2286 3944
356 281 359 287 ⁷
468 253 638 302 ursmarus.
1024 245 1064 308 89

61 406 156 488 polim
174 405 227 466 sub
248 407 440 484 inruptionem
456 406 548 467 bostis
567 409 710 483 navigium
731 408 804 468 clam
825 409 951 486 petentis
967 411 1065 486 vagitu

63 507 118 552 suo
139 507 233 569 paene
254 489 299 548 bis
319 489 459 568 prodidit,
484 490 574 549 semel
590 509 653 549 cum
670 509 686 551 a
701 493 818 551 nutricis
834 490 940 569 ubere,
963 493 1065 554 iterum

63 592 130 634 cnm
149 591 165 634 a
180 574 242 632 sinu
257 576 356 632 matris
377 575 479 652 raptim
499 574 660 634 auferretur
676 574 710 634 ab
726 577 774 652 iis,
798 575 845 653 qui
868 591 920 652 pro
937 579 1064 637 necessi·

63 666 124 718 tate
141 659 278 735 temporis
296 656 479 718 mulierculas
495 657 593 716 levare
613 675 702 717 onere
720 658 904 736 temptabant.
948 659 1005 719 Per
1022 661 1064 720 st·

40 741 160 802 sciliam
172 758 286 820 quoque
303 751 332 800 et
346 760 399 820 per
408 741 546 801 Achaiam
558 742 776 820 circumductus,
788 759 822 800 ao
832 741 1065 804 Lacedaemoniis

63 824 194 905 publice,
212 824 287 904 quod
301 827 329 884 in
344 825 433 885 tutela
450 823 632 885 Claudiorum
649 835 739 902 erant,
757 824 951 902 demandatus,
970 825 1063 902 digre-

63 910 148 970 diens
169 908 234 968 inde
254 911 356 968 itinere
372 919 511 969 nocturno
530 909 681 969 discrimen
699 911 774 969 vitae
790 908 872 984 adiit,
896 908 1007 970 damma
1020 927 1064 968 re·

64 1001 154 1074 pente
176 1011 194 1052 e
215 992 296 1052 silvis
318 992 441 1072 undique
465 1003 580 1070 exorta,
608 993 739 1072 adeoque
766 1010 878 1051 omnem
904 995 1065 1053 comitatum

12 1094 19 1127 'a
64 1075 278 1156 circumplexa,
300 1086 330 1135 ut
350 1076 447 1137 Liviae
471 1096 538 1156 pars
559 1079 648 1136 vestis
671 1086 700 1137 et
721 1076 820 1155 capilli
839 1075 1064 1136 amburerentnr.

12 1161 201 1238 anbianera,
224 1160 325 1239 quibus
341 1178 357 1221 a
374 1160 525 1240 Pompeia,
550 1162 618 1220 Sex.
638 1161 757 1239 Pompei
776 1176 894 1237 sorore,
918 1162 946 1218 in
968 1160 1065 1220 Sicilia

64 1245 187 1305 donatus
203 1252 256 1320 est,
274 1244 372 1304 clamis
391 1254 420 1304 et
435 1244 521 1304 fibula
535 1248 601 1304 item
614 1243 709 1304 bullae
724 1261 839 1320 aureae,
856 1243 956 1303 durant
970 1253 1064 1304 osten-

65 1329 225 1407 dunturque
241 1327 331 1387 adhue
345 1327 420 1388 Rais.
447 1329 517 1389 Post
531 1328 652 1388 reditum
666 1330 694 1387 in
709 1328 809 1387 urbem
825 1345 840 1386 a
855 1327 894 1387 Μ.
911 1327 1003 1388 Gallio
1019 1345 1063 1386 se·

65 1421 167 1472 natore
178 1419 349 1472 testamento
362 1412 523 1491 adoptatus,
531 1411 691 1472 hereditate
708 1411 783 1471 adita
795 1428 862 1470 mox
874 1413 987 1471 nomine
999 1410 1063 1471 abs·

65 1497 161 1572 tinnit,
177 1494 253 1575 qnod
266 1495 375 1556 Gallius
392 1495 576 1556 adversarum
591 1495 723 1573 Augusto
740 1496 862 1574 partium
880 1494 982 1556 iuerat.

14 1594 57 1641 :a
128 1577 240 1639 Novem
251 1588 334 1639 natus
347 1597 436 1639 annos
451 1579 616 1639 defunctum
627 1588 737 1657 patrem
749 1595 802 1657 pro
816 1581 917 1638 rostris
928 1578 1063 1639 laudavit.

11 1670 18 1717 ;
64 1661 178 1723 Debinc
199 1661 364 1741 pubescens
378 1663 500 1723 Actiaco
516 1663 657 1742 triumpho
678 1681 790 1722 currum
809 1661 932 1738 Augusti
948 1664 1063 1723 comita·

10 1794 13 1803 .
65 1755 110 1806 tns
126 1753 172 1806 est
187 1747 365 1806 sinisteriore
381 1746 469 1806 innali
486 1765 571 1826 equo,
589 1765 651 1807 oum
666 1746 820 1808 Marcellus
836 1744 973 1806 Octaviae
990 1746 1064 1806 lilius

10 1862 23 1899 ·‚
66 1828 233 1890 dexteriore
247 1830 412 1890 veheretur.
456 1829 606 1890 Praesedit
620 1840 649 1890 et
664 1833 760 1890 asticis
776 1829 865 1906 ludis,
883 1839 912 1888 et
927 1829 1063 1889 Troiam*

10 1945 30 1995 ¹.
66 1912 256 1990 circensibus,
271 1913 373 1974 ductor
386 1922 494 1974 turmae
507 1933 660 1992 puerorum
675 1916 821 1974 maiorum.

10 1997 58 2060 'ho
131 1997 216 2058 Virili
230 2006 301 2075 toga
316 2006 442 2076 sumpta,
462 1997 684 2057 adulescentiam
700 2015 812 2057 omnem
827 1996 1006 2073 spatiumque
1023 1997 1089 2056 inl

66 2082 214 2160 sequentis
240 2081 342 2141 aetatis
366 2099 456 2160 usque
482 2081 516 2141 ad
538 2083 715 2160 principatus
739 2081 816 2138 initia
836 2096 890 2156 per
908 2078 981 2137 haec
1001 2078 1064 2137 lere

10 2174 29 2229 t.
65 2165 217 2242 transegit.
245 2164 346 2226 blnnus
361 2164 560 2242 gladiatorium
576 2167 604 2222 in
618 2165 782 2224 memoriam
799 2163 888 2241 patris
902 2170 931 2220 et
946 2161 1065 2221 alterum

9 2294 18 2307 .
65 2251 92 2308 in
108 2249 155 2308 ari
169 2246 255 2308 Drusi
277 2247 370 2325 dedit,
391 2249 514 2308 diversis
535 2248 711 2326 temporibus
735 2265 769 2307 ac
791 2246 879 2321 locis,
903 2247 1022 2323 primum
1037 2247 1065 2305 in

9 2351 18 2390 ι
65 2333 148 2408 loro,
167 2332 321 2392 secundum
339 2332 367 2391 in
385 2332 609 2411 amphitheatro,
631 2330 751 2390 rudiaris
770 2347 884 2409 quoque
899 2328 1065 2408 quibusdam

9 2408 213 2476 ..tereremus
229 2425 443 2476 auctoramento
461 2425 610 2475 centenum
624 2415 744 2484 milium;
760 2414 837 2474 dedit
853 2421 882 2472 et
895 2412 993 2490 ludos,
1013 2411 1065 2473 sed

9 2532 16 2542 ·
67 2499 187 2559 absens:
204 2509 306 2559 cuncta
321 2501 490 2576 magnifice,
507 2502 625 2577 inpensa
639 2500 736 2559 matris
753 2517 786 2559 ac
803 2498 906 2557 vitrici.

127 2581 330 2661 Agrippinam,
344 2583 442 2643 blarco
459 2582 590 2661 Agrippa
607 2585 741 2660 genitam,
758 2590 874 2660 neptem
890 2579 999 2640 Caecili
1013 2579 1064 2640 At·

8 2700 12 2709 ·
66 2668 113 2726 tici
130 2667 320 2744 equitisR.ad
338 2685 422 2745 quem
438 2676 502 2725 sunt
510 2665 659 2727 Ciceronis
675 2667 826 2744 epistolae,
842 2666 920 2726 duxit
930 2681 1063 2733 uxorem;

8 2766 13 2807 t
66 2749 237 2828 sublatoque
255 2769 292 2810 ex
314 2769 348 2810 ea
364 2751 422 2810 filio
438 2749 548 2826 Druso,
574 2768 732 2829 quanquam
749 2749 825 2809 bene
847 2748 1066 2807 conuenientem

20 2842 223 2911 marsusque
245 2833 393 2910 gravidam
415 2834 571 2911 dimittere,
595 2853 629 2893 ac
643 2833 741 2894 luliam
756 2833 879 2910 Augusti
898 2831 983 2890 filiam
998 2845 1064 2888 con·

66 2917 162 2977 lestim
179 2926 297 2976 coactus
313 2927 357 2976 est
374 2918 491 2993 ducere,
505 2936 561 2978 non
576 2919 637 2977 sine
652 2935 755 2995 magno
770 2933 878 2993 angore
896 2915 988 2988 animi,
1003 2929 1066 2971 cum

28 3030 48 3079 ς
67 3009 94 3060 et
108 3000 290 3078 Agrippinae
307 3000 512 3060 consuetudine
529 3011 674 3061 teneretur
695 3010 723 3060 et
740 3000 829 3060 Iuliae
848 3016 944 3056 mores
961 2998 1064 3073 impro-

66 3084 163 3153 baret;
186 3092 313 3163 utquam
328 3086 467 3144 sensisset
482 3087 524 3143 sui
540 3103 653 3163 quoqne
676 3084 728 3144 sub
744 3086 842 3162 priore
858 3081 960 3139 marito
977 3097 1064 3157 appe·

66 3176 188 3244 tentem,
203 3167 279 3245 quod
294 3186 364 3227 sane
380 3170 464 3228 etiam
480 3168 569 3244 vulgo
586 3167 809 3227 existimabatur.
855 3164 912 3223 Sed
926 3162 1063 3241 Agrippi·

17 3252 128 3315 *nam
151 3261 181 3310 et
201 3251 337 3327 abegisse
358 3261 425 3331 post
442 3252 592 3311 divortium
613 3252 716 3326 doluit,
739 3259 768 3310 et
790 3247 879 3308 semel
898 3248 1010 3307 omnino
1027 3263 1064 3306 ex

66 3352 188 3394 occursu
206 3335 296 3393 visam
312 3335 385 3395 adeo
402 3337 543 3395 contentis
561 3345 589 3394 et
603 3334 762 3394 umentibus
783 3332 874 3392 oculis
893 3339 1064 3410 prosecutus

69 3427 123 3494 ast,
150 3427 180 3478 ut
203 3417 372 3478 custoditum
394 3422 430 3478 sit
449 3437 486 3478 ne
508 3437 637 3497 nmquam
652 3418 680 3475 in
698 3425 885 3496 conspectum
901 3417 928 3474 ei
942 3414 1064 3493 posthac

73 3503 187 3562 reniret.
234 3499 303 3561 Cum
317 3501 388 3563 iulia
404 3504 495 3581 primo
513 3501 696 3562 concorditer
712 3511 740 3562 et
756 3518 852 3562 amore
870 3508 964 3558 mutan
978 3499 1062 3552 ”ivtte
