2256 3930
482 213 586 263 nnno.
974 208 1032 270 191

29 367 114 442 nior,
137 365 283 426 Britannia
300 365 497 446 Armeniaque
512 368 616 428 amissa
632 386 667 428 ac
688 389 788 431 mrsus
809 380 931 452 utraque
950 391 1033 434 rece·

31 460 93 531 pta,
111 449 276 508 defunctum
292 468 324 509 se
340 450 476 510 fatalibus
491 452 573 511 malis
589 454 779 515 existimabat.
812 456 851 516 Ut
864 473 948 533 vero,
966 475 1032 518 con·

32 536 111 595 sulto
127 533 252 612 Delphis
272 533 428 612 Apolline,
456 539 719 614 septuagensimum
741 556 776 598 ac
796 541 909 599 tertium
931 559 1034 601 annum

33 617 195 680 cavendum
216 617 271 677 sibi
292 617 414 695 audivit,
435 622 516 697 quasi
539 637 574 678 eu
597 620 707 680 demum
735 622 877 701 obiturus,
904 642 939 684 ac
964 625 1033 684 nihil

10 705 205 766 tcuniectans
225 702 261 761 de
285 711 379 762 aetate
395 702 522 780 Galbae,
546 711 622 764 tanta
644 705 748 765 fiducia
768 725 825 767 non
842 707 928 767 modo
950 726 1032 769 sene·

34 801 109 851 ctam
130 787 182 847 sed
205 788 289 846 etiam
312 796 481 865 perpetuam
502 789 734 868 singularemque
757 794 892 870 concepit
911 791 1033 852 felicita·

32 885 110 949 tem,
132 881 162 931 ut
180 873 292 931 amissis
313 871 464 948 naufragio
481 875 696 951 pretiosissimis
712 873 799 933 rebus
813 893 872 935 non
887 874 1033 934 dubitave-

32 961 71 1019 rit
86 960 160 1016 inter
176 973 245 1015 suos
262 955 377 1032 dicere,
392 956 497 1032 pisces
512 974 567 1016 cuc
582 955 645 1016 cibi
657 958 825 1019 relaturos.

95 1040 221 1119 Neapoli
237 1039 273 1099 de
288 1049 366 1099 motu
380 1039 534 1101 Galliarum
548 1043 686 1117 cognovit
699 1042 747 1102 die
761 1044 826 1121 ipso
843 1061 899 1121 quo
915 1052 1035 1103 matrem

10 1125 202 1200 succiderat,
227 1123 359 1202 adeoque
382 1125 460 1184 lente
482 1143 515 1184 ac
537 1143 641 1184 secure
660 1127 724 1185 tulit
737 1135 767 1186 ut
781 1127 934 1203 gaudentis
950 1128 1035 1186 etiam

34 1211 228 1289 suspitionem
248 1207 416 1286 praeberet,
444 1217 585 1288 tamquam
608 1213 765 1270 occasione
784 1220 851 1270 nata
870 1209 1033 1290 spolianda-

34 1314 98 1355 rum
119 1295 180 1352 iure
201 1292 271 1352 belli
292 1293 572 1370 opulentissimarum
587 1296 813 1372 provinciarum
837 1297 989 1373 statimque
1006 1295 1034 1353 in

35 1379 216 1458 gymnasium
230 1394 421 1455 progressus,
443 1378 580 1437 certantis
600 1377 723 1439 athletas
746 1379 918 1438 effusissimo
940 1377 1034 1437 studio

36 1463 191 1544 spectavit.
223 1460 338 1521 (laeuae
361 1478 477 1539 quoque
499 1470 631 1540 tempure
656 1463 856 1541 interpellatus
882 1462 1034 1522 tumultuo-

10 1546 162 1616 msioribus
181 1546 302 1620 litteris,
328 1545 468 1605 hactenus
490 1545 662 1622 excanduit,
685 1555 715 1605 ut
735 1547 838 1606 malum
861 1548 896 1606 iis
919 1547 967 1624 qui
985 1545 1034 1605 de·

37 1634 162 1693 scissent
187 1633 351 1688 minaretur.
393 1628 525 1706 Denique
548 1649 602 1708 per
624 1639 691 1690 octo
715 1634 866 1690 continuos
888 1628 951 1690 dies
976 1646 1035 1689 non

37 1713 203 1776 rescribere
222 1715 367 1791 cuiquam,
389 1730 447 1772 non
463 1713 597 1773 mandare
614 1714 680 1792 quid
695 1723 743 1774 aut
760 1715 932 1794 praecipere
948 1730 1034 1773 cona·

38 1811 100 1875 tus,
123 1817 185 1857 rem
205 1798 319 1857 silentio
343 1796 529 1858 oblitteravit.
558 1797 668 1856 lidictis
689 1797 803 1857 tandem
820 1798 950 1858 Vindicis
967 1814 1034 1857 cun·
1045 1811 1076 1865 41

37 1883 198 1944 tumeliosis
215 1891 244 1940 et
262 1881 461 1961 frequentibus
482 1889 644 1959 permotus,
668 1891 796 1940 senatum
813 1881 936 1958 epistula
951 1882 979 1939 in
994 1879 1035 1938 ul-

10 1970 144 2028 tutiunem
161 1967 204 2024 sui
221 1967 320 2043 reique
337 1965 473 2043 publicae
490 1965 655 2024 adhortatus
668 1973 722 2040 est,
739 1973 879 2024 excusatu
894 1964 1036 2040 languore

36 2052 180 2125 faucium,
199 2058 323 2127 propter
338 2067 422 2127 quem
434 2067 491 2108 non
510 2048 634 2107 adesset.
664 2048 741 2107 Nihil
764 2058 857 2108 autem
877 2065 970 2124 aeque
987 2045 1037 2105 du·

36 2136 106 2211 luit,
131 2152 216 2212 quam
240 2142 269 2191 ut
283 2132 387 2191 malum
408 2150 440 2190 se
458 2131 654 2191 citharoedum
672 2134 843 2210 increpitum
860 2150 894 2192 ac
909 2147 964 2210 pro
980 2128 1037 2189 Ne-

35 2237 111 2281 rone
132 2215 338 2276 Aenobarbum
359 2215 545 2293 appellatum.
587 2215 626 2274 Et
650 2233 753 2274 nomen
780 2215 894 2295 quidem
916 2213 1037 2292 gentile,

35 2301 119 2383 quod
143 2300 197 2360 sibi
219 2318 272 2378 per
288 2299 489 2359 contumeliam
512 2299 755 2378 exprobraretur,
780 2309 989 2378 resumpturum
1005 2314 1038 2356 se

10 2387 192 2470 oprofessus
210 2391 269 2461 est,
293 2383 429 2461 deposito
448 2382 601 2461 adoptivo,
625 2392 724 2444 cetera
745 2385 885 2459 convitia,
909 2392 939 2442 ut
952 2381 1037 2457 falsa,

35 2491 97 2533 nun
114 2469 171 2529 aliu
189 2477 358 2545 argumento
373 2467 545 2543 refellebat,
565 2486 649 2546 quam
666 2467 743 2547 quud
759 2470 843 2528 etiam
856 2469 968 2528 inscitia
983 2465 1039 2526 sibi

35 2564 118 2618 tanto
142 2570 234 2632 opere
257 2552 424 2612 elaboratae
445 2551 655 2630 perfectaeque
677 2570 693 2612 a
715 2570 747 2611 se
770 2553 839 2612 artis
862 2552 1037 2627 obiceretur,

35 2638 170 2716 singulos
194 2636 313 2697 subinde
329 2637 477 2714 rogitans,
498 2642 663 2698 nossentne
677 2654 856 2716 quemquam
868 2641 1036 2714 praestan·

35 2726 158 2786 liorem.
201 2720 261 2780 Sed
281 2720 450 2798 urgentibus
469 2720 532 2780 aliis
554 2739 642 2799 super
668 2720 742 2780 alios
768 2721 890 2794 nuntiis,
916 2721 1038 2779 Rumam

10 2804 244 2889 upraetrepidus
259 2804 361 2874 rediit;
377 2805 539 2882 leviterque
554 2804 640 2865 modo
655 2804 684 2863 in
698 2805 801 2864 itinere
817 2803 924 2863 frivolo
943 2801 1038 2877 auspi·

38 2895 87 2953 cio
105 2898 202 2950 mente
223 2898 372 2964 recreatu,
397 2906 460 2948 cum
477 2888 642 2948 adnotasset
661 2888 835 2966 insculptum
855 2891 1038 2945 monumento

36 2977 156 3036 militem
172 2972 284 3033 Gallum
308 2973 343 3033 ab
368 2973 464 3050 equite
485 2973 520 3031 ll.
546 2990 720 3051 oppressum
740 2972 814 3030 trahi
836 2969 979 3044 crinibus,
1003 2965 1039 3026 ad

37 3079 104 3120 eam
121 3059 250 3137 speciem
266 3057 366 3117 exiluit
382 3055 488 3133 gaudio
505 3057 673 3133 caelumque
689 3055 827 3114 adoravit.
857 3053 903 3112 Ac
918 3070 955 3111 ne
971 3059 1040 3110 tunc

37 3143 155 3224 quidem
176 3151 224 3202 aut
246 3151 347 3202 senatu
362 3149 410 3200 aut
427 3139 537 3218 populu
557 3157 655 3199 eoram
676 3138 842 3216 appellato,
865 3134 1039 3215 quosdame

10 3227 214 3310 *sprimoribus
236 3227 305 3286 viris
329 3225 443 3285 domurn
464 3224 614 3298 evocavit,
635 3230 838 3299 transactaque
852 3221 955 3300 raptim
972 3235 1038 3278 cou-

38 3313 212 3387 sultatione,
235 3311 376 3390 reliquam
392 3308 449 3368 diei
467 3315 576 3391 partem
592 3324 646 3384 per
663 3323 773 3382 organa
789 3304 956 3380 hydraulica
971 3301 1040 3362 nuri

40 3407 71 3457 et
86 3398 179 3475 ignoti
192 3397 312 3472 generis
332 3390 542 3466 circumduxit,
559 3389 774 3466 ostendensque
791 3389 921 3466 singula,
942 3386 979 3447 de
994 3403 1038 3447 ru·

40 3482 120 3542 tione
136 3499 172 3542 ac
187 3479 354 3540 difficultate
371 3478 509 3554 cuiusque
524 3474 688 3550 disserens,
701 3473 764 3534 ium
780 3491 815 3535 ue
826 3474 918 3535 etium
927 3469 1037 3552 prolu-
