2286 3944
45 221 105 281 186
149 229 181 278 c.
196 224 347 278 suarem
361 227 491 286 nunno.
509 227 557 274 nn
574 226 659 274 vini
679 225 872 276 cananeum
883 229 945 276 ura

42 387 205 464 rigentem,
231 383 372 442 hactenus
395 382 489 461 primo
515 381 692 458 gravabatur
714 391 745 440 ut
765 381 874 442 invidia
900 385 946 444 ide

45 477 202 544 oneraret,
219 470 301 545 quasi
317 483 454 526 cessurus
469 467 592 544 imperio
608 465 799 543 Rhodumque
815 465 946 528 abiturus

45 562 76 614 et
98 553 212 612 honore
233 551 310 610 omni
328 559 358 609 et
373 558 518 629 potestate
535 551 669 627 privavit,
685 549 870 629 abductaque
888 554 946 611 mili

46 637 256 699 Germanorum
272 635 412 712 statione,
436 633 626 694 contubernio
645 651 762 712 quoque
780 653 817 694 ac
832 635 946 696 Palatio

45 722 93 790 lit;
117 738 214 797 neque
239 719 268 777 in
290 717 451 778 diuexanda
473 719 625 797 quicquam
649 720 733 796 pensi
754 717 870 795 habuit,
896 740 946 779 sun

48 807 97 885 qui
113 813 142 863 et
152 805 265 864 Romae
280 812 439 863 morantem
453 801 550 861 litibus
564 803 634 860 etin
648 820 769 862 secessu
782 805 946 881 quiescent<

49 889 183 951 convicia
199 897 229 946 et
243 889 328 948 iocos
342 897 420 947 terra
434 888 562 964 marique
574 886 836 964 praeteruehentes
848 889 946 966 inquis

48 975 159 1036 Verum
173 972 256 1031 minis
272 973 334 1031 eius
348 989 384 1031 ac
401 970 538 1030 violentia
552 972 670 1029 territus
681 970 807 1048 perdere
819 976 935 1042 statuit;

48 1067 94 1118 ter
120 1072 235 1116 veneno
264 1064 435 1133 temptasset
459 1056 639 1132 sentiretque
670 1054 805 1115 antidotis
831 1075 946 1135 praemi

49 1141 212 1243 lacunaria,
229 1156 304 1216 quae
323 1147 410 1197 noctu
430 1156 519 1217 super
533 1138 721 1198 dormientem
736 1139 833 1198 laxata
849 1142 946 1200 machi

51 1204 196 1298 cuderent,
215 1223 337 1300 paravit.
373 1221 439 1281 lloc
458 1222 581 1281 consilio
598 1241 652 1302 per
670 1224 808 1282 conscios
822 1242 935 1324 parum·

50 1308 195 1370 solutilem
208 1323 326 1381 navem,
347 1306 427 1364 cuius
443 1305 490 1363 vel
506 1306 658 1382 naufragio
674 1306 722 1365 vel
738 1325 872 1367 camarae
891 1312 946 1368 ruii

50 1395 121 1465 iret,
147 1397 326 1449 commentus
342 1398 388 1447 est
398 1398 517 1466 ,atque
533 1392 571 1449 ita
587 1390 826 1450 reconciliatione
844 1394 946 1453 simula

50 1473 230 1535 candissimis
244 1471 349 1530 litteris
359 1471 444 1532 Baias
459 1474 593 1533 evocavit
607 1473 644 1533 ad
661 1474 812 1535 sollemnia
824 1476 946 1575 Quinqu

49 1557 132 1618 simul
149 1555 338 1625 celebranda;
367 1556 493 1635 datoque
514 1559 634 1633 negotio
652 1558 838 1636 trierarchis,
863 1563 913 1639 qni
938 1563 946 1620 l

50 1659 112 1701 cam
134 1657 190 1718 qua
207 1638 330 1698 advecta
347 1650 410 1700 erat
425 1641 505 1700 velut
520 1641 639 1700 fortuito
657 1659 799 1702 concursu
818 1646 946 1722 conlring

50 1724 194 1804 protraxit
210 1725 374 1783 convivium
382 1726 619 1803 ,repetentique
633 1724 773 1785 Baulos
765 1745 793 1785 in
809 1728 946 1790 locumc

50 1809 158 1884 navigii
151 1807 370 1867 machinosum
382 1770 455 1867 ’illud
477 1809 596 1887 optulit,
617 1809 708 1869 hilare
726 1821 903 1887 prosecutus
919 1823 946 1871 at

51 1893 186 1970 digressu
207 1891 332 1969 papillas
357 1909 474 1970 quoque
502 1893 697 1952 exosculatus.
730 1894 885 1972 Reliquum
911 1906 946 1954 tei

52 1995 117 2037 cum
130 1993 235 2053 magna
249 1976 443 2054 trepidatione
459 1976 604 2054 vigilavit,
627 1978 786 2055 opperiens
804 1989 946 2057 coeptoru

51 2071 120 2122 tum.
151 2060 210 2120 Sed
222 2069 251 2120 ut
263 2059 377 2120 diversa
393 2063 486 2121 omnia
504 2060 658 2138 nandoque
671 2062 801 2120 evasisse
817 2081 881 2122 eam
898 2082 946 2123 cor

51 2147 139 2224 inops
159 2144 272 2205 consilii
289 2145 320 2205 L.
336 2144 496 2222 Agerinum
512 2144 644 2204 libertum
666 2146 745 2222 eius,
767 2146 876 2205 salvam
895 2158 925 2207 et
940 2150 946 2206 i

51 2248 127 2289 mem
144 2247 207 2288 cum
221 2230 327 2306 gaudio
344 2231 535 2305 nuntiantem,
556 2228 671 2288 abiecto
694 2229 768 2289 olam
783 2232 860 2290 iuxta
877 2234 946 2309 pugi

53 2331 259 2394 percussorem
274 2315 329 2373 sibi
344 2313 530 2373 subornatum
543 2313 630 2391 arripi
649 2315 866 2392 constringique
885 2316 946 2374 iuss

51 2407 126 2456 trem
141 2397 250 2472 occidi,
273 2400 354 2474 quasi
369 2396 581 2474 deprehensum
598 2398 704 2455 crimen
719 2398 880 2457 voluntaria
898 2417 946 2459 mo

51 2489 152 2538 tasset.
181 2479 332 2538 Adduutur
346 2481 391 2539 his
410 2482 572 2556 atrociora,
594 2499 650 2540 neo
668 2483 786 2540 incertis
809 2483 946 2542 auotorib¹

51 2561 200 2622 visendum
213 2563 385 2622 interiectae
401 2562 526 2622 cadaver
546 2566 725 2642 accurrisse,
748 2575 946 2627 contrectasse

52 2645 116 2722 dra,
130 2646 185 2705 alia
198 2646 391 2722 vituperasse,
406 2645 463 2705 alia
479 2646 624 2724 laudasse,
639 2649 744 2727 sitique
759 2651 872 2708 interim
887 2652 946 2711 obo

52 2731 141 2790 bisse.
168 2729 271 2806 Neque
287 2737 380 2788 tamen
397 2732 604 2790 conscientiam
618 2732 752 2810 sceleris,
769 2752 939 2812 quamquam

51 2815 131 2875 litum
151 2822 180 2872 et
194 2821 309 2872 senatus
324 2812 484 2892 populique
499 2815 738 2892 gratulationibus
754 2820 946 2879 confirmarem

52 2898 146 2958 statim
161 2906 208 2956 aut
222 2914 355 2974 umquam
369 2906 473 2975 postea
487 2899 566 2958 ferre
584 2901 684 2978 potuit,
699 2919 790 2980 saepe
809 2903 946 2962 confessu

51 2981 136 3057 gitari
156 2999 189 3039 se
211 2989 339 3041 materna
360 2983 461 3060 specie
480 2983 710 3062 verberibusque
726 2984 875 3047 Furiarum
898 3006 934 3046 ac

51 3063 226 3126 ardentibus
257 3066 330 3141 Quin
346 3075 374 3126 et
388 3067 466 3126 laeto
483 3068 649 3146 perllagos
663 3087 748 3129 sacro
763 3088 889 3131 evocare
902 3071 946 3130 Ma

50 3165 176 3209 exorare
192 3153 352 3230 temptavit.
384 3151 621 3227 Peregrinatione
637 3153 751 3252 quidem
763 3154 903 3215 Graeciae
919 3165 946 3214 et

50 3229 122 3290 sinis
137 3235 247 3312 sacris,
268 3255 388 3314 quorum
404 3237 562 3297 initiatione
578 3238 656 3315 impii
671 3247 700 3298 et
718 3239 855 3298 scelerati
871 3257 946 3298 voce

51 3317 135 3374 conis
151 3330 379 3395 summoventur,
396 3322 538 3381 interesse
553 3339 611 3380 uon
630 3341 716 3382 ausus
731 3332 787 3382 est.

49 3405 52 3411 '
115 3398 209 3459 lunxit
225 3403 349 3479 parr
354 3406 490 3464 matris
506 3414 587 3463 arn
632 3424 734 3465 ¹ecem.
763 3407 855 3480 Quam
868 3426 931 3467 oum

32 3478 188 3543 ‘titiealvi
205 3484 327 3540 culrat-
384 3488 504 3532 ”etant
537 3511 552 3526 ι-
658 3490 946 3569 rartanslanugineu
