<?xml version="1.0" encoding="UTF-8"?>
<!DOCTYPE html PUBLIC "-//W3C//DTD XHTML 1.0 Transitional//EN"
    "http://www.w3.org/TR/xhtml1/DTD/xhtml1-transitional.dtd">
<html xmlns="http://www.w3.org/1999/xhtml" xml:lang="en" lang="en">
 <head>
  <title>
</title>
<meta http-equiv="Content-Type" content="text/html;charset=utf-8" />
  <meta name='ocr-system' content='tesseract 3.04.00' />
  <meta name='ocr-capabilities' content='ocr_page ocr_carea ocr_par ocr_line ocrx_word'/>
</head>
<body>
  <div class='ocr_page' id='page_1' title='image "./csuetonitranqui01suetgoog_0324.png"; bbox 0 0 2286 3944; ppageno 0'>
   <div class='ocr_carea' id='block_1_1' title="bbox 117 185 1052 257">
    <p class='ocr_par' dir='ltr' id='par_1_1' title="bbox 117 185 1052 257">
     <span class='ocr_line' id='line_1_1' title="bbox 117 185 1052 257; baseline 0.002 -10"><span class='ocrx_word' id='word_1_1' title='bbox 117 185 180 248; x_wconf 79' lang='lat'><strong>218</strong></span> <span class='ocrx_word' id='word_1_2' title='bbox 202 197 1052 257; x_wconf 79' lang='lat' dir='ltr'><strong>c.sunrourunsno.nsv1uncsussnusrn1a.vn.</strong></span> 
     </span>
    </p>
   </div>
   <div class='ocr_carea' id='block_1_2' title="bbox 78 351 1141 3526">
    <p class='ocr_par' dir='ltr' id='par_1_2' title="bbox 115 351 1107 664">
     <span class='ocr_line' id='line_1_2' title="bbox 116 351 1107 436; baseline 0.002 -22"><span class='ocrx_word' id='word_1_3' title='bbox 116 353 209 414; x_wconf 85' lang='lat' dir='ltr'><strong>mniae</strong></span> <span class='ocrx_word' id='word_1_4' title='bbox 224 354 349 429; x_wconf 85' lang='lat' dir='ltr'><strong>amovit,</strong></span> <span class='ocrx_word' id='word_1_5' title='bbox 374 370 438 412; x_wconf 90' lang='lat' dir='ltr'><strong>cnm</strong></span> <span class='ocrx_word' id='word_1_6' title='bbox 453 351 589 412; x_wconf 89' lang='lat' dir='ltr'><strong>libertino</strong></span> <span class='ocrx_word' id='word_1_7' title='bbox 605 352 715 413; x_wconf 90' lang='lat' dir='ltr'><strong>cuidam</strong></span> <span class='ocrx_word' id='word_1_8' title='bbox 730 352 865 413; x_wconf 80' lang='lat' dir='ltr'><strong>acerbius</strong></span> <span class='ocrx_word' id='word_1_9' title='bbox 880 353 1012 415; x_wconf 82' lang='lat' dir='ltr'><strong>debiturn</strong></span> <span class='ocrx_word' id='word_1_10' title='bbox 1028 374 1107 436; x_wconf 88' lang='lat' dir='ltr'><strong>repo·</strong></span> 
     </span>
     <span class='ocr_line' id='line_1_3' title="bbox 116 435 1105 517; baseline 0.002 -19"><span class='ocrx_word' id='word_1_11' title='bbox 116 437 209 499; x_wconf 78' lang='lat' dir='ltr'><strong>acenti</strong></span> <span class='ocrx_word' id='word_1_12' title='bbox 230 437 394 495; x_wconf 91' lang='lat' dir='ltr'><strong>iniuriarum</strong></span> <span class='ocrx_word' id='word_1_13' title='bbox 408 435 567 512; x_wconf 82' lang='lat' dir='ltr'><strong>formulam,</strong></span> <span class='ocrx_word' id='word_1_14' title='bbox 583 437 665 513; x_wconf 84' lang='lat' dir='ltr'><strong>qnasi</strong></span> <span class='ocrx_word' id='word_1_15' title='bbox 681 436 762 496; x_wconf 91' lang='lat' dir='ltr'><strong>calce</strong></span> <span class='ocrx_word' id='word_1_16' title='bbox 778 437 866 498; x_wconf 91' lang='lat' dir='ltr'><strong>abeo</strong></span> <span class='ocrx_word' id='word_1_17' title='bbox 885 455 1058 517; x_wconf 90' lang='lat' dir='ltr'><strong>percussus,</strong></span> <span class='ocrx_word' id='word_1_18' title='bbox 1072 444 1105 500; x_wconf 92' lang='lat' dir='ltr'><strong>in-</strong></span> 
     </span>
     <span class='ocr_line' id='line_1_4' title="bbox 116 519 1106 599; baseline 0.003 -18"><span class='ocrx_word' id='word_1_19' title='bbox 116 519 256 582; x_wconf 89' lang='lat' dir='ltr'><strong>tendisset</strong></span> <span class='ocrx_word' id='word_1_20' title='bbox 271 537 327 579; x_wconf 89' lang='lat' dir='ltr'><strong>nec</strong></span> <span class='ocrx_word' id='word_1_21' title='bbox 348 519 432 580; x_wconf 89' lang='lat' dir='ltr'><strong>aliter</strong></span> <span class='ocrx_word' id='word_1_22' title='bbox 447 537 531 598; x_wconf 88' lang='lat' dir='ltr'><strong>quam</strong></span> <span class='ocrx_word' id='word_1_23' title='bbox 546 521 668 580; x_wconf 90' lang='lat' dir='ltr'><strong>extortis</strong></span> <span class='ocrx_word' id='word_1_24' title='bbox 683 522 889 599; x_wconf 85' lang='lat' dir='ltr'><strong>quinquaginta</strong></span> <span class='ocrx_word' id='word_1_25' title='bbox 905 525 1054 583; x_wconf 75' lang='lat' dir='ltr'><strong>sestertiis</strong></span> <span class='ocrx_word' id='word_1_26' title='bbox 1067 543 1106 584; x_wconf 89' lang='lat' dir='ltr'><strong>re·</strong></span> 
     </span>
     <span class='ocr_line' id='line_1_5' title="bbox 115 604 251 664; baseline -0.022 0"><span class='ocrx_word' id='word_1_27' title='bbox 115 604 251 664; x_wconf 85' lang='lat' dir='ltr'><strong>misisset.</strong></span> 
     </span>
    </p>

    <p class='ocr_par' dir='ltr' id='par_1_3' title="bbox 115 686 1127 1354">
     <span class='ocr_line' id='line_1_6' title="bbox 179 686 1124 767; baseline -0.002 -20"><span class='ocrx_word' id='word_1_28' title='bbox 179 686 391 747; x_wconf 75' lang='lat' dir='ltr'><strong>Aduenientem</strong></span> <span class='ocrx_word' id='word_1_29' title='bbox 414 686 489 746; x_wconf 90' lang='lat' dir='ltr'><strong>male</strong></span> <span class='ocrx_word' id='word_1_30' title='bbox 512 687 649 746; x_wconf 87' lang='lat' dir='ltr'><strong>animatus</strong></span> <span class='ocrx_word' id='word_1_31' title='bbox 674 705 745 764; x_wconf 87' lang='lat' dir='ltr'><strong>erga</strong></span> <span class='ocrx_word' id='word_1_32' title='bbox 773 690 936 767; x_wconf 89' lang='lat' dir='ltr'><strong>principem</strong></span> <span class='ocrx_word' id='word_1_33' title='bbox 962 693 1124 751; x_wconf 83' lang='lat' dir='ltr'><strong>exercituss</strong></span> 
     </span>
     <span class='ocr_line' id='line_1_7' title="bbox 117 769 1105 853; baseline 0.003 -22"><span class='ocrx_word' id='word_1_34' title='bbox 117 788 285 852; x_wconf 85' lang='lat' dir='ltr'><strong>pronusque</strong></span> <span class='ocrx_word' id='word_1_35' title='bbox 301 771 400 831; x_wconf 84' lang='lat' dir='ltr'><strong>adres</strong></span> <span class='ocrx_word' id='word_1_36' title='bbox 415 787 507 830; x_wconf 85' lang='lat' dir='ltr'><strong>novas</strong></span> <span class='ocrx_word' id='word_1_37' title='bbox 524 769 620 830; x_wconf 90' lang='lat' dir='ltr'><strong>libens</strong></span> <span class='ocrx_word' id='word_1_38' title='bbox 639 788 675 830; x_wconf 89' lang='lat' dir='ltr'><strong>ac</strong></span> <span class='ocrx_word' id='word_1_39' title='bbox 694 773 803 848; x_wconf 81' lang='lat' dir='ltr'><strong>supinis</strong></span> <span class='ocrx_word' id='word_1_40' title='bbox 824 772 956 832; x_wconf 87' lang='lat' dir='ltr'><strong>manibus</strong></span> <span class='ocrx_word' id='word_1_41' title='bbox 979 778 1105 853; x_wconf 77' lang='lat' dir='ltr'><strong>excepit,</strong></span> 
     </span>
     <span class='ocr_line' id='line_1_8' title="bbox 116 854 1104 935; baseline 0.001 -19"><span class='ocrx_word' id='word_1_42' title='bbox 116 855 196 916; x_wconf 83' lang='lat' dir='ltr'><strong>velut</strong></span> <span class='ocrx_word' id='word_1_43' title='bbox 211 855 288 914; x_wconf 94' lang='lat' dir='ltr'><strong>dono</strong></span> <span class='ocrx_word' id='word_1_44' title='bbox 308 855 391 914; x_wconf 84' lang='lat' dir='ltr'><strong>deum</strong></span> <span class='ocrx_word' id='word_1_45' title='bbox 406 854 544 930; x_wconf 90' lang='lat' dir='ltr'><strong>oblatum,</strong></span> <span class='ocrx_word' id='word_1_46' title='bbox 562 863 607 913; x_wconf 91' lang='lat' dir='ltr'><strong>ter</strong></span> <span class='ocrx_word' id='word_1_47' title='bbox 622 855 750 914; x_wconf 90' lang='lat' dir='ltr'><strong>consulis</strong></span> <span class='ocrx_word' id='word_1_48' title='bbox 765 855 862 932; x_wconf 91' lang='lat' dir='ltr'><strong>lilium,</strong></span> <span class='ocrx_word' id='word_1_49' title='bbox 874 865 972 916; x_wconf 89' lang='lat' dir='ltr'><strong>aetate</strong></span> <span class='ocrx_word' id='word_1_50' title='bbox 984 859 1104 935; x_wconf 89' lang='lat' dir='ltr'><strong>integra,</strong></span> 
     </span>
     <span class='ocr_line' id='line_1_9' title="bbox 115 938 1105 1017; baseline 0 -17"><span class='ocrx_word' id='word_1_51' title='bbox 115 940 196 1000; x_wconf 87' lang='lat' dir='ltr'><strong>incili</strong></span> <span class='ocrx_word' id='word_1_52' title='bbox 211 957 246 998; x_wconf 92' lang='lat' dir='ltr'><strong>ac</strong></span> <span class='ocrx_word' id='word_1_53' title='bbox 265 939 389 1016; x_wconf 92' lang='lat' dir='ltr'><strong>prodigo</strong></span> <span class='ocrx_word' id='word_1_54' title='bbox 406 939 510 997; x_wconf 90' lang='lat' dir='ltr'><strong>animo.</strong></span> <span class='ocrx_word' id='word_1_55' title='bbox 537 938 627 1012; x_wconf 80' lang='lat' dir='ltr'><strong>Quam</strong></span> <span class='ocrx_word' id='word_1_56' title='bbox 642 947 772 998; x_wconf 85' lang='lat' dir='ltr'><strong>veterem</strong></span> <span class='ocrx_word' id='word_1_57' title='bbox 787 939 823 998; x_wconf 96' lang='lat' dir='ltr'><strong>de</strong></span> <span class='ocrx_word' id='word_1_58' title='bbox 838 957 872 998; x_wconf 87' lang='lat' dir='ltr'><strong>se</strong></span> <span class='ocrx_word' id='word_1_59' title='bbox 888 943 1105 1017; x_wconf 74' lang='lat' dir='ltr'><strong>persuasionem</strong></span> 
     </span>
     <span class='ocr_line' id='line_1_10' title="bbox 115 1021 1104 1100; baseline 0.002 -17"><span class='ocrx_word' id='word_1_60' title='bbox 115 1022 251 1084; x_wconf 84' lang='lat' dir='ltr'><strong>Vitellius</strong></span> <span class='ocrx_word' id='word_1_61' title='bbox 267 1021 432 1081; x_wconf 92' lang='lat' dir='ltr'><strong>recentibus</strong></span> <span class='ocrx_word' id='word_1_62' title='bbox 449 1023 534 1080; x_wconf 87' lang='lat' dir='ltr'><strong>etiam</strong></span> <span class='ocrx_word' id='word_1_63' title='bbox 551 1023 756 1100; x_wconf 79' lang='lat' dir='ltr'><strong>experimentis</strong></span> <span class='ocrx_word' id='word_1_64' title='bbox 771 1032 901 1100; x_wconf 83' lang='lat' dir='ltr'><strong>auxerat,</strong></span> <span class='ocrx_word' id='word_1_65' title='bbox 920 1032 983 1084; x_wconf 88' lang='lat' dir='ltr'><strong>tota</strong></span> <span class='ocrx_word' id='word_1_66' title='bbox 999 1027 1048 1084; x_wconf 82' lang='lat' dir='ltr'><strong>via</strong></span> <span class='ocrx_word' id='word_1_67' title='bbox 1062 1043 1104 1085; x_wconf 93' lang='lat' dir='ltr'><strong>ca·</strong></span> 
     </span>
     <span class='ocr_line' id='line_1_11' title="bbox 115 1104 1127 1185; baseline -0.001 -18"><span class='ocrx_word' id='word_1_68' title='bbox 115 1107 270 1184; x_wconf 75' lang='lat' dir='ltr'><strong>ligatorum</strong></span> <span class='ocrx_word' id='word_1_69' title='bbox 285 1123 400 1184; x_wconf 89' lang='lat' dir='ltr'><strong>quoque</strong></span> <span class='ocrx_word' id='word_1_70' title='bbox 416 1104 535 1163; x_wconf 89' lang='lat' dir='ltr'><strong>militum</strong></span> <span class='ocrx_word' id='word_1_71' title='bbox 549 1104 653 1164; x_wconf 85' lang='lat' dir='ltr'><strong>obvios</strong></span> <span class='ocrx_word' id='word_1_72' title='bbox 666 1105 849 1183; x_wconf 81' lang='lat' dir='ltr'><strong>exosculans,</strong></span> <span class='ocrx_word' id='word_1_73' title='bbox 866 1124 979 1185; x_wconf 82' lang='lat' dir='ltr'><strong>perque</strong></span> <span class='ocrx_word' id='word_1_74' title='bbox 995 1108 1127 1168; x_wconf 75' lang='lat' dir='ltr'><strong>stabulat</strong></span> 
     </span>
     <span class='ocr_line' id='line_1_12' title="bbox 116 1187 1103 1268; baseline 0 -17"><span class='ocrx_word' id='word_1_75' title='bbox 116 1209 151 1251; x_wconf 86' lang='lat' dir='ltr'><strong>ac</strong></span> <span class='ocrx_word' id='word_1_76' title='bbox 165 1190 333 1250; x_wconf 86' lang='lat' dir='ltr'><strong>deversoria</strong></span> <span class='ocrx_word' id='word_1_77' title='bbox 347 1187 518 1247; x_wconf 89' lang='lat' dir='ltr'><strong>mulionibus</strong></span> <span class='ocrx_word' id='word_1_78' title='bbox 535 1206 569 1248; x_wconf 90' lang='lat' dir='ltr'><strong>ac</strong></span> <span class='ocrx_word' id='word_1_79' title='bbox 581 1188 737 1248; x_wconf 88' lang='lat' dir='ltr'><strong>viatoribus</strong></span> <span class='ocrx_word' id='word_1_80' title='bbox 749 1191 993 1267; x_wconf 85' lang='lat' dir='ltr'><strong>praetermodum</strong></span> <span class='ocrx_word' id='word_1_81' title='bbox 1006 1193 1103 1268; x_wconf 88' lang='lat' dir='ltr'><strong>comis,</strong></span> 
     </span>
     <span class='ocr_line' id='line_1_13' title="bbox 116 1271 1103 1354; baseline 0.001 -21"><span class='ocrx_word' id='word_1_82' title='bbox 116 1283 146 1334; x_wconf 93' lang='lat' dir='ltr'><strong>ut</strong></span> <span class='ocrx_word' id='word_1_83' title='bbox 159 1292 242 1333; x_wconf 92' lang='lat' dir='ltr'><strong>mane</strong></span> <span class='ocrx_word' id='word_1_84' title='bbox 257 1271 397 1349; x_wconf 89' lang='lat' dir='ltr'><strong>singulos,</strong></span> <span class='ocrx_word' id='word_1_85' title='bbox 414 1271 516 1330; x_wconf 75' lang='lat' dir='ltr'><strong>iamne</strong></span> <span class='ocrx_word' id='word_1_86' title='bbox 529 1272 713 1354; x_wconf 71' lang='lat' dir='ltr'><strong>lentospent,</strong></span> <span class='ocrx_word' id='word_1_87' title='bbox 729 1274 928 1333; x_wconf 75' lang='lat' dir='ltr'><strong>sciscitaretur</strong></span> <span class='ocrx_word' id='word_1_88' title='bbox 949 1292 1041 1353; x_wconf 83' lang='lat' dir='ltr'><strong>seque</strong></span> <span class='ocrx_word' id='word_1_89' title='bbox 1065 1276 1103 1334; x_wconf 84' lang='lat' dir='ltr'><strong>ie·</strong></span> 
     </span>
    </p>

    <p class='ocr_par' dir='ltr' id='par_1_4' title="bbox 80 1355 1141 2604">
     <span class='ocr_line' id='line_1_14' title="bbox 80 1355 1103 1434; baseline 0.001 -17"><span class='ocrx_word' id='word_1_90' title='bbox 80 1369 101 1424; x_wconf 76' lang='lat'>8</span> <span class='ocrx_word' id='word_1_91' title='bbox 117 1359 193 1418; x_wconf 92' lang='lat' dir='ltr'><strong>cisse</strong></span> <span class='ocrx_word' id='word_1_92' title='bbox 208 1365 290 1415; x_wconf 92' lang='lat' dir='ltr'><strong>ructu</strong></span> <span class='ocrx_word' id='word_1_93' title='bbox 306 1371 422 1433; x_wconf 89' lang='lat' dir='ltr'><strong>quoque</strong></span> <span class='ocrx_word' id='word_1_94' title='bbox 438 1355 616 1415; x_wconf 90' lang='lat' dir='ltr'><strong>ostenderet.</strong></span> <span class='ocrx_word' id='word_1_95' title='bbox 652 1355 754 1416; x_wconf 76' lang='lat' dir='ltr'><strong>Castra</strong></span> <span class='ocrx_word' id='word_1_96' title='bbox 771 1374 842 1417; x_wconf 83' lang='lat' dir='ltr'><strong>vero</strong></span> <span class='ocrx_word' id='word_1_97' title='bbox 864 1359 1016 1434; x_wconf 88' lang='lat' dir='ltr'><strong>ingressus</strong></span> <span class='ocrx_word' id='word_1_98' title='bbox 1038 1359 1103 1418; x_wconf 82' lang='lat' dir='ltr'><strong>nihil</strong></span> 
     </span>
     <span class='ocr_line' id='line_1_15' title="bbox 116 1438 1141 1521; baseline 0.002 -22"><span class='ocrx_word' id='word_1_99' title='bbox 116 1442 246 1517; x_wconf 89' lang='lat' dir='ltr'><strong>cuiquam</strong></span> <span class='ocrx_word' id='word_1_100' title='bbox 263 1438 397 1517; x_wconf 89' lang='lat' dir='ltr'><strong>poscenti</strong></span> <span class='ocrx_word' id='word_1_101' title='bbox 411 1440 530 1515; x_wconf 83' lang='lat' dir='ltr'><strong>negavit</strong></span> <span class='ocrx_word' id='word_1_102' title='bbox 544 1447 631 1517; x_wconf 87' lang='lat' dir='ltr'><strong>atque</strong></span> <span class='ocrx_word' id='word_1_103' title='bbox 646 1441 731 1499; x_wconf 84' lang='lat' dir='ltr'><strong>etiam</strong></span> <span class='ocrx_word' id='word_1_104' title='bbox 745 1439 820 1500; x_wconf 95' lang='lat' dir='ltr'><strong>ultro</strong></span> <span class='ocrx_word' id='word_1_105' title='bbox 839 1442 1042 1518; x_wconf 76' lang='lat' dir='ltr'><strong>ignominiosis</strong></span> <span class='ocrx_word' id='word_1_106' title='bbox 1056 1459 1102 1501; x_wconf 79' lang='lat' dir='ltr'><strong>nc</strong></span> <span class='ocrx_word' id='word_1_107' title='bbox 1139 1514 1141 1521; x_wconf 18' lang='grc' dir='ltr'><em>Α</em></span> 
     </span>
     <span class='ocr_line' id='line_1_16' title="bbox 114 1521 1126 1601; baseline -0.001 -19"><span class='ocrx_word' id='word_1_108' title='bbox 114 1533 168 1599; x_wconf 90' lang='lat' dir='ltr'><strong>tas,</strong></span> <span class='ocrx_word' id='word_1_109' title='bbox 184 1524 243 1580; x_wconf 87' lang='lat' dir='ltr'><strong>reis</strong></span> <span class='ocrx_word' id='word_1_110' title='bbox 261 1521 375 1597; x_wconf 90' lang='lat' dir='ltr'><strong>sordes,</strong></span> <span class='ocrx_word' id='word_1_111' title='bbox 392 1521 531 1581; x_wconf 87' lang='lat' dir='ltr'><strong>damnatis</strong></span> <span class='ocrx_word' id='word_1_112' title='bbox 546 1523 690 1601; x_wconf 89' lang='lat' dir='ltr'><strong>supplicia</strong></span> <span class='ocrx_word' id='word_1_113' title='bbox 709 1523 841 1601; x_wconf 89' lang='lat' dir='ltr'><strong>dempsit.</strong></span> <span class='ocrx_word' id='word_1_114' title='bbox 872 1525 970 1600; x_wconf 78' lang='lat' dir='ltr'><strong>Quare</strong></span> <span class='ocrx_word' id='word_1_115' title='bbox 990 1526 1126 1585; x_wconf 84' lang='lat' dir='ltr'><strong>vixdnmut</strong></span> 
     </span>
     <span class='ocr_line' id='line_1_17' title="bbox 113 1606 1104 1686; baseline 0.003 -20"><span class='ocrx_word' id='word_1_116' title='bbox 113 1624 212 1666; x_wconf 89' lang='lat' dir='ltr'><strong>mense</strong></span> <span class='ocrx_word' id='word_1_117' title='bbox 225 1614 381 1680; x_wconf 89' lang='lat' dir='ltr'><strong>transacto,</strong></span> <span class='ocrx_word' id='word_1_118' title='bbox 395 1624 490 1684; x_wconf 87' lang='lat' dir='ltr'><strong>neque</strong></span> <span class='ocrx_word' id='word_1_119' title='bbox 502 1606 558 1665; x_wconf 93' lang='lat' dir='ltr'><strong>diei</strong></span> <span class='ocrx_word' id='word_1_120' title='bbox 571 1625 664 1684; x_wconf 86' lang='lat' dir='ltr'><strong>neque</strong></span> <span class='ocrx_word' id='word_1_121' title='bbox 677 1609 817 1684; x_wconf 90' lang='lat' dir='ltr'><strong>temporis</strong></span> <span class='ocrx_word' id='word_1_122' title='bbox 828 1611 940 1668; x_wconf 90' lang='lat' dir='ltr'><strong>ratione</strong></span> <span class='ocrx_word' id='word_1_123' title='bbox 952 1609 1061 1686; x_wconf 90' lang='lat' dir='ltr'><strong>habita,</strong></span> <span class='ocrx_word' id='word_1_124' title='bbox 1072 1627 1104 1669; x_wconf 87' lang='lat' dir='ltr'><strong>ac</strong></span> 
     </span>
     <span class='ocr_line' id='line_1_18' title="bbox 114 1688 1141 1770; baseline 0.001 -21"><span class='ocrx_word' id='word_1_125' title='bbox 114 1691 169 1749; x_wconf 88' lang='lat' dir='ltr'><strong>iam</strong></span> <span class='ocrx_word' id='word_1_126' title='bbox 180 1707 317 1767; x_wconf 89' lang='lat' dir='ltr'><strong>vespere,</strong></span> <span class='ocrx_word' id='word_1_127' title='bbox 328 1688 422 1748; x_wconf 88' lang='lat' dir='ltr'><strong>subito</strong></span> <span class='ocrx_word' id='word_1_128' title='bbox 434 1689 595 1749; x_wconf 85' lang='lat' dir='ltr'><strong>amilitibus</strong></span> <span class='ocrx_word' id='word_1_129' title='bbox 607 1708 623 1747; x_wconf 87' lang='lat' dir='ltr'><strong>e</strong></span> <span class='ocrx_word' id='word_1_130' title='bbox 636 1689 769 1749; x_wconf 90' lang='lat' dir='ltr'><strong>cubiculo</strong></span> <span class='ocrx_word' id='word_1_131' title='bbox 780 1701 890 1770; x_wconf 90' lang='lat' dir='ltr'><strong>raptus,</strong></span> <span class='ocrx_word' id='word_1_132' title='bbox 901 1694 940 1751; x_wconf 93' lang='lat' dir='ltr'><strong>ita</strong></span> <span class='ocrx_word' id='word_1_133' title='bbox 952 1701 982 1750; x_wconf 93' lang='lat' dir='ltr'><strong>nt</strong></span> <span class='ocrx_word' id='word_1_134' title='bbox 994 1701 1066 1769; x_wconf 90' lang='lat' dir='ltr'><strong>erat,</strong></span> <span class='ocrx_word' id='word_1_135' title='bbox 1078 1694 1104 1750; x_wconf 89' lang='lat' dir='ltr'><strong>in</strong></span> <span class='ocrx_word' id='word_1_136' title='bbox 1139 1688 1141 1695; x_wconf 83' lang='lat'>&#39;</span> 
     </span>
     <span class='ocr_line' id='line_1_19' title="bbox 113 1772 1104 1855; baseline 0.003 -23"><span class='ocrx_word' id='word_1_137' title='bbox 113 1781 197 1832; x_wconf 85' lang='lat' dir='ltr'><strong>ueste</strong></span> <span class='ocrx_word' id='word_1_138' title='bbox 212 1772 379 1849; x_wconf 89' lang='lat' dir='ltr'><strong>domestica,</strong></span> <span class='ocrx_word' id='word_1_139' title='bbox 397 1775 555 1850; x_wconf 90' lang='lat' dir='ltr'><strong>imperator</strong></span> <span class='ocrx_word' id='word_1_140' title='bbox 577 1781 622 1831; x_wconf 87' lang='lat' dir='ltr'><strong>est</strong></span> <span class='ocrx_word' id='word_1_141' title='bbox 644 1774 839 1834; x_wconf 89' lang='lat' dir='ltr'><strong>consalutatus</strong></span> <span class='ocrx_word' id='word_1_142' title='bbox 865 1775 1104 1855; x_wconf 85' lang='lat' dir='ltr'><strong>circumlatusque</strong></span> 
     </span>
     <span class='ocr_line' id='line_1_20' title="bbox 115 1855 1104 1936; baseline 0.002 -20"><span class='ocrx_word' id='word_1_143' title='bbox 115 1875 168 1936; x_wconf 91' lang='lat' dir='ltr'><strong>per</strong></span> <span class='ocrx_word' id='word_1_144' title='bbox 185 1855 393 1916; x_wconf 91' lang='lat' dir='ltr'><strong>celeberrimos</strong></span> <span class='ocrx_word' id='word_1_145' title='bbox 408 1858 508 1932; x_wconf 86' lang='lat' dir='ltr'><strong>vicos,</strong></span> <span class='ocrx_word' id='word_1_146' title='bbox 532 1858 661 1915; x_wconf 88' lang='lat' dir='ltr'><strong>strictum</strong></span> <span class='ocrx_word' id='word_1_147' title='bbox 682 1855 748 1916; x_wconf 91' lang='lat' dir='ltr'><strong>Divi</strong></span> <span class='ocrx_word' id='word_1_148' title='bbox 768 1857 832 1917; x_wconf 94' lang='lat' dir='ltr'><strong>lulii</strong></span> <span class='ocrx_word' id='word_1_149' title='bbox 851 1858 978 1935; x_wconf 81' lang='lat' dir='ltr'><strong>gladium</strong></span> <span class='ocrx_word' id='word_1_150' title='bbox 993 1867 1104 1934; x_wconf 89' lang='lat' dir='ltr'><strong>tenens,</strong></span> 
     </span>
     <span class='ocr_line' id='line_1_21' title="bbox 114 1939 1124 2021; baseline 0.003 -21"><span class='ocrx_word' id='word_1_151' title='bbox 114 1940 273 2001; x_wconf 90' lang='lat' dir='ltr'><strong>detractum</strong></span> <span class='ocrx_word' id='word_1_152' title='bbox 288 1939 408 1999; x_wconf 90' lang='lat' dir='ltr'><strong>delubro</strong></span> <span class='ocrx_word' id='word_1_153' title='bbox 424 1939 524 1999; x_wconf 86' lang='lat' dir='ltr'><strong>ltlartis</strong></span> <span class='ocrx_word' id='word_1_154' title='bbox 540 1949 625 2017; x_wconf 84' lang='lat' dir='ltr'><strong>atque</strong></span> <span class='ocrx_word' id='word_1_155' title='bbox 640 1940 668 1998; x_wconf 94' lang='lat' dir='ltr'><strong>in</strong></span> <span class='ocrx_word' id='word_1_156' title='bbox 686 1943 776 2018; x_wconf 88' lang='lat' dir='ltr'><strong>prima</strong></span> <span class='ocrx_word' id='word_1_157' title='bbox 793 1941 986 2018; x_wconf 87' lang='lat' dir='ltr'><strong>gratulatione</strong></span> <span class='ocrx_word' id='word_1_158' title='bbox 1002 1957 1124 2021; x_wconf 73' lang='lat' dir='ltr'><strong>porres</strong></span> 
     </span>
     <span class='ocr_line' id='line_1_22' title="bbox 115 2023 1103 2104; baseline -0.002 -18"><span class='ocrx_word' id='word_1_159' title='bbox 115 2034 190 2086; x_wconf 88' lang='lat' dir='ltr'><strong>ctum</strong></span> <span class='ocrx_word' id='word_1_160' title='bbox 205 2023 259 2083; x_wconf 93' lang='lat' dir='ltr'><strong>sibi</strong></span> <span class='ocrx_word' id='word_1_161' title='bbox 276 2043 292 2084; x_wconf 92' lang='lat' dir='ltr'><strong>a</strong></span> <span class='ocrx_word' id='word_1_162' title='bbox 307 2023 445 2102; x_wconf 88' lang='lat' dir='ltr'><strong>quodam;</strong></span> <span class='ocrx_word' id='word_1_163' title='bbox 465 2041 520 2082; x_wconf 87' lang='lat' dir='ltr'><strong>neo</strong></span> <span class='ocrx_word' id='word_1_164' title='bbox 535 2031 600 2082; x_wconf 90' lang='lat' dir='ltr'><strong>ante</strong></span> <span class='ocrx_word' id='word_1_165' title='bbox 620 2024 649 2081; x_wconf 90' lang='lat' dir='ltr'><strong>in</strong></span> <span class='ocrx_word' id='word_1_166' title='bbox 663 2025 839 2102; x_wconf 88' lang='lat' dir='ltr'><strong>praetorium</strong></span> <span class='ocrx_word' id='word_1_167' title='bbox 857 2025 941 2084; x_wconf 89' lang='lat' dir='ltr'><strong>rediit</strong></span> <span class='ocrx_word' id='word_1_168' title='bbox 954 2044 1039 2104; x_wconf 85' lang='lat' dir='ltr'><strong>qnam</strong></span> <span class='ocrx_word' id='word_1_169' title='bbox 1055 2027 1103 2086; x_wconf 85' lang='lat' dir='ltr'><strong>lla-</strong></span> 
     </span>
     <span class='ocr_line' id='line_1_23' title="bbox 113 2107 1104 2186; baseline 0.002 -19"><span class='ocrx_word' id='word_1_170' title='bbox 113 2117 217 2186; x_wconf 84' lang='lat' dir='ltr'><strong>granta</strong></span> <span class='ocrx_word' id='word_1_171' title='bbox 232 2107 356 2167; x_wconf 91' lang='lat' dir='ltr'><strong>triclinio</strong></span> <span class='ocrx_word' id='word_1_172' title='bbox 374 2127 411 2166; x_wconf 83' lang='lat' dir='ltr'><strong>ex</strong></span> <span class='ocrx_word' id='word_1_173' title='bbox 427 2116 571 2185; x_wconf 91' lang='lat' dir='ltr'><strong>conceptu</strong></span> <span class='ocrx_word' id='word_1_174' title='bbox 588 2108 705 2184; x_wconf 88' lang='lat' dir='ltr'><strong>camini,</strong></span> <span class='ocrx_word' id='word_1_175' title='bbox 723 2125 786 2166; x_wconf 89' lang='lat' dir='ltr'><strong>cum</strong></span> <span class='ocrx_word' id='word_1_176' title='bbox 803 2109 917 2186; x_wconf 88' lang='lat' dir='ltr'><strong>quidem</strong></span> <span class='ocrx_word' id='word_1_177' title='bbox 935 2119 1104 2170; x_wconf 86' lang='lat' dir='ltr'><strong>consterna·</strong></span> 
     </span>
     <span class='ocr_line' id='line_1_24' title="bbox 112 2190 1141 2278; baseline 0.001 -27"><span class='ocrx_word' id='word_1_178' title='bbox 112 2192 149 2252; x_wconf 92' lang='lat' dir='ltr'><strong>tis</strong></span> <span class='ocrx_word' id='word_1_179' title='bbox 172 2200 201 2250; x_wconf 92' lang='lat' dir='ltr'><strong>et</strong></span> <span class='ocrx_word' id='word_1_180' title='bbox 224 2192 305 2269; x_wconf 84' lang='lat' dir='ltr'><strong>quasi</strong></span> <span class='ocrx_word' id='word_1_181' title='bbox 326 2193 420 2251; x_wconf 90' lang='lat' dir='ltr'><strong>omine</strong></span> <span class='ocrx_word' id='word_1_182' title='bbox 445 2190 568 2250; x_wconf 87' lang='lat' dir='ltr'><strong>adverso</strong></span> <span class='ocrx_word' id='word_1_183' title='bbox 592 2191 682 2250; x_wconf 83' lang='lat' dir='ltr'><strong>anxiis</strong></span> <span class='ocrx_word' id='word_1_184' title='bbox 705 2191 853 2268; x_wconf 88' lang='lat' dir='ltr'><strong>omnibus,</strong></span> <span class='ocrx_word' id='word_1_185' title='bbox 874 2191 980 2268; x_wconf 83' lang='lat' dir='ltr'><strong>Bono,</strong></span> <span class='ocrx_word' id='word_1_186' title='bbox 1003 2195 1103 2272; x_wconf 88' lang='lat' dir='ltr'><strong>inquit,</strong></span> <span class='ocrx_word' id='word_1_187' title='bbox 1138 2259 1141 2278; x_wconf 14' lang='grc' dir='ltr'>ἵ</span> 
     </span>
     <span class='ocr_line' id='line_1_25' title="bbox 113 2273 1103 2354; baseline 0 -19"><span class='ocrx_word' id='word_1_188' title='bbox 113 2275 215 2335; x_wconf 77' lang='lat' dir='ltr'><strong>animo</strong></span> <span class='ocrx_word' id='word_1_189' title='bbox 231 2276 344 2335; x_wconf 80' lang='lat' dir='ltr'><strong>estote!</strong></span> <span class='ocrx_word' id='word_1_190' title='bbox 359 2273 451 2335; x_wconf 81' lang='lat' dir='ltr'><strong>nobis</strong></span> <span class='ocrx_word' id='word_1_191' title='bbox 462 2273 607 2343; x_wconf 53' lang='lat' dir='ltr'><strong>adtamin-</strong></span> <span class='ocrx_word' id='word_1_192' title='bbox 622 2274 701 2334; x_wconf 89' lang='lat' dir='ltr'><strong>nullo</strong></span> <span class='ocrx_word' id='word_1_193' title='bbox 717 2293 852 2336; x_wconf 89' lang='lat' dir='ltr'><strong>sermone</strong></span> <span class='ocrx_word' id='word_1_194' title='bbox 867 2277 926 2336; x_wconf 90' lang='lat' dir='ltr'><strong>alio</strong></span> <span class='ocrx_word' id='word_1_195' title='bbox 942 2276 1018 2354; x_wconf 93' lang='lat' dir='ltr'><strong>apud</strong></span> <span class='ocrx_word' id='word_1_196' title='bbox 1032 2277 1103 2336; x_wconf 89' lang='lat' dir='ltr'><strong>mili·</strong></span> 
     </span>
     <span class='ocr_line' id='line_1_26' title="bbox 112 2356 1127 2438; baseline 0.001 -21"><span class='ocrx_word' id='word_1_197' title='bbox 112 2368 157 2417; x_wconf 89' lang='lat' dir='ltr'><strong>tes</strong></span> <span class='ocrx_word' id='word_1_198' title='bbox 179 2377 256 2416; x_wconf 88' lang='lat' dir='ltr'><strong>usus.</strong></span> <span class='ocrx_word' id='word_1_199' title='bbox 295 2356 502 2417; x_wconf 81' lang='lat' dir='ltr'><strong>Consentiente</strong></span> <span class='ocrx_word' id='word_1_200' title='bbox 524 2356 628 2416; x_wconf 91' lang='lat' dir='ltr'><strong>deinde</strong></span> <span class='ocrx_word' id='word_1_201' title='bbox 647 2360 731 2418; x_wconf 88' lang='lat' dir='ltr'><strong>ctiam</strong></span> <span class='ocrx_word' id='word_1_202' title='bbox 754 2361 914 2437; x_wconf 91' lang='lat' dir='ltr'><strong>superioris</strong></span> <span class='ocrx_word' id='word_1_203' title='bbox 931 2361 1127 2438; x_wconf 74' lang='lat' dir='ltr'><strong>provinciaes</strong></span> 
     </span>
     <span class='ocr_line' id='line_1_27' title="bbox 113 2439 1104 2519; baseline 0.002 -19"><span class='ocrx_word' id='word_1_204' title='bbox 113 2442 254 2514; x_wconf 90' lang='lat' dir='ltr'><strong>exercitu,</strong></span> <span class='ocrx_word' id='word_1_205' title='bbox 271 2443 318 2518; x_wconf 86' lang='lat' dir='ltr'><strong>qui</strong></span> <span class='ocrx_word' id='word_1_206' title='bbox 335 2442 415 2518; x_wconf 92' lang='lat' dir='ltr'><strong>prius</strong></span> <span class='ocrx_word' id='word_1_207' title='bbox 431 2459 447 2500; x_wconf 92' lang='lat' dir='ltr'><strong>a</strong></span> <span class='ocrx_word' id='word_1_208' title='bbox 463 2440 553 2501; x_wconf 86' lang='lat' dir='ltr'><strong>Galba</strong></span> <span class='ocrx_word' id='word_1_209' title='bbox 571 2439 606 2499; x_wconf 93' lang='lat' dir='ltr'><strong>ad</strong></span> <span class='ocrx_word' id='word_1_210' title='bbox 621 2450 749 2500; x_wconf 88' lang='lat' dir='ltr'><strong>senatum</strong></span> <span class='ocrx_word' id='word_1_211' title='bbox 765 2442 926 2519; x_wconf 81' lang='lat' dir='ltr'><strong>deiecerat,</strong></span> <span class='ocrx_word' id='word_1_212' title='bbox 939 2460 1104 2519; x_wconf 88' lang='lat' dir='ltr'><strong>cognomen</strong></span> 
     </span>
     <span class='ocr_line' id='line_1_28' title="bbox 113 2521 1103 2604; baseline 0.002 -20"><span class='ocrx_word' id='word_1_213' title='bbox 113 2521 274 2584; x_wconf 81' lang='lat' dir='ltr'><strong>Germanici</strong></span> <span class='ocrx_word' id='word_1_214' title='bbox 291 2523 414 2582; x_wconf 87' lang='lat' dir='ltr'><strong>delatum</strong></span> <span class='ocrx_word' id='word_1_215' title='bbox 426 2523 461 2582; x_wconf 91' lang='lat' dir='ltr'><strong>ab</strong></span> <span class='ocrx_word' id='word_1_216' title='bbox 473 2525 615 2583; x_wconf 83' lang='lat' dir='ltr'><strong>universis</strong></span> <span class='ocrx_word' id='word_1_217' title='bbox 625 2525 729 2603; x_wconf 92' lang='lat' dir='ltr'><strong>cupide</strong></span> <span class='ocrx_word' id='word_1_218' title='bbox 741 2528 864 2604; x_wconf 90' lang='lat' dir='ltr'><strong>recepit,</strong></span> <span class='ocrx_word' id='word_1_219' title='bbox 878 2525 1002 2602; x_wconf 81' lang='lat' dir='ltr'><strong>Augusti</strong></span> <span class='ocrx_word' id='word_1_220' title='bbox 1015 2527 1103 2586; x_wconf 88' lang='lat' dir='ltr'><strong>distu-</strong></span> 
     </span>
    </p>

    <p class='ocr_par' dir='ltr' id='par_1_5' title="bbox 78 2602 1141 3526">
     <span class='ocr_line' id='line_1_29' title="bbox 78 2602 1141 2721; baseline 0.004 -55"><span class='ocrx_word' id='word_1_221' title='bbox 78 2621 97 2676; x_wconf 84' lang='lat'><strong>9</strong></span> <span class='ocrx_word' id='word_1_222' title='bbox 112 2607 153 2684; x_wconf 92' lang='lat' dir='ltr'><strong>lit,</strong></span> <span class='ocrx_word' id='word_1_223' title='bbox 173 2604 307 2666; x_wconf 86' lang='lat' dir='ltr'><strong>Caesaris</strong></span> <span class='ocrx_word' id='word_1_224' title='bbox 322 2607 350 2665; x_wconf 93' lang='lat' dir='ltr'><strong>in</strong></span> <span class='ocrx_word' id='word_1_225' title='bbox 365 2615 537 2684; x_wconf 88' lang='lat' dir='ltr'><strong>perpetuum</strong></span> <span class='ocrx_word' id='word_1_226' title='bbox 553 2609 707 2667; x_wconf 84' lang='lat' dir='ltr'><strong>recusarit.</strong></span> <span class='ocrx_word' id='word_1_227' title='bbox 735 2608 780 2668; x_wconf 78' lang='lat' dir='ltr'><strong>Ac</strong></span> <span class='ocrx_word' id='word_1_228' title='bbox 796 2609 916 2669; x_wconf 91' lang='lat' dir='ltr'><strong>subinde</strong></span> <span class='ocrx_word' id='word_1_229' title='bbox 932 2610 1024 2670; x_wconf 86' lang='lat' dir='ltr'><strong>caede</strong></span> <span class='ocrx_word' id='word_1_230' title='bbox 1037 2610 1103 2672; x_wconf 83' lang='lat' dir='ltr'><strong>Gal·</strong></span> <span class='ocrx_word' id='word_1_231' title='bbox 1137 2602 1141 2721; x_wconf 53' lang='lat'><strong>⁴</strong></span> 
     </span>
     <span class='ocr_line' id='line_1_30' title="bbox 112 2689 1103 2772; baseline 0.004 -22"><span class='ocrx_word' id='word_1_232' title='bbox 112 2691 166 2750; x_wconf 89' lang='lat' dir='ltr'><strong>bae</strong></span> <span class='ocrx_word' id='word_1_233' title='bbox 183 2689 355 2765; x_wconf 85' lang='lat' dir='ltr'><strong>adnuntiata,</strong></span> <span class='ocrx_word' id='word_1_234' title='bbox 373 2691 543 2768; x_wconf 83' lang='lat' dir='ltr'><strong>compositis</strong></span> <span class='ocrx_word' id='word_1_235' title='bbox 555 2689 731 2752; x_wconf 83' lang='lat' dir='ltr'><strong>Germanicis</strong></span> <span class='ocrx_word' id='word_1_236' title='bbox 746 2692 845 2770; x_wconf 86' lang='lat' dir='ltr'><strong>rebus,</strong></span> <span class='ocrx_word' id='word_1_237' title='bbox 862 2695 983 2772; x_wconf 88' lang='lat' dir='ltr'><strong>partitus</strong></span> <span class='ocrx_word' id='word_1_238' title='bbox 996 2703 1041 2753; x_wconf 84' lang='lat' dir='ltr'><strong>est</strong></span> <span class='ocrx_word' id='word_1_239' title='bbox 1053 2711 1103 2754; x_wconf 96' lang='lat' dir='ltr'><strong>co·</strong></span> 
     </span>
     <span class='ocr_line' id='line_1_31' title="bbox 112 2773 1141 2856; baseline 0.004 -23"><span class='ocrx_word' id='word_1_240' title='bbox 112 2777 185 2853; x_wconf 86' lang='lat' dir='ltr'><strong>pias,</strong></span> <span class='ocrx_word' id='word_1_241' title='bbox 202 2793 272 2853; x_wconf 89' lang='lat' dir='ltr'><strong>quas</strong></span> <span class='ocrx_word' id='word_1_242' title='bbox 288 2774 427 2834; x_wconf 88' lang='lat' dir='ltr'><strong>adversus</strong></span> <span class='ocrx_word' id='word_1_243' title='bbox 440 2773 581 2834; x_wconf 90' lang='lat' dir='ltr'><strong>Othonem</strong></span> <span class='ocrx_word' id='word_1_244' title='bbox 594 2777 799 2854; x_wconf 88' lang='lat' dir='ltr'><strong>praemitteret,</strong></span> <span class='ocrx_word' id='word_1_245' title='bbox 816 2795 946 2855; x_wconf 88' lang='lat' dir='ltr'><strong>quasque</strong></span> <span class='ocrx_word' id='word_1_246' title='bbox 957 2778 1023 2855; x_wconf 90' lang='lat' dir='ltr'><strong>ipse</strong></span> <span class='ocrx_word' id='word_1_247' title='bbox 1036 2794 1141 2856; x_wconf 75' lang='lat' dir='ltr'><strong>per-o.</strong></span> 
     </span>
     <span class='ocr_line' id='line_1_32' title="bbox 111 2857 1102 2939; baseline 0.002 -21"><span class='ocrx_word' id='word_1_248' title='bbox 111 2858 239 2918; x_wconf 89' lang='lat' dir='ltr'><strong>duceret.</strong></span> <span class='ocrx_word' id='word_1_249' title='bbox 269 2857 431 2918; x_wconf 90' lang='lat' dir='ltr'><strong>Praemisso</strong></span> <span class='ocrx_word' id='word_1_250' title='bbox 447 2860 561 2935; x_wconf 90' lang='lat' dir='ltr'><strong>agmine</strong></span> <span class='ocrx_word' id='word_1_251' title='bbox 577 2858 682 2919; x_wconf 86' lang='lat' dir='ltr'><strong>laetum</strong></span> <span class='ocrx_word' id='word_1_252' title='bbox 697 2861 793 2919; x_wconf 89' lang='lat' dir='ltr'><strong>evenit</strong></span> <span class='ocrx_word' id='word_1_253' title='bbox 814 2861 988 2939; x_wconf 90' lang='lat' dir='ltr'><strong>auspicium,</strong></span> <span class='ocrx_word' id='word_1_254' title='bbox 1014 2863 1102 2939; x_wconf 88' lang='lat' dir='ltr'><strong>siqni-</strong></span> 
     </span>
     <span class='ocr_line' id='line_1_33' title="bbox 111 2941 1104 3022; baseline 0.003 -21"><span class='ocrx_word' id='word_1_255' title='bbox 111 2942 175 3002; x_wconf 89' lang='lat' dir='ltr'><strong>dem</strong></span> <span class='ocrx_word' id='word_1_256' title='bbox 195 2960 212 3001; x_wconf 90' lang='lat' dir='ltr'><strong>a</strong></span> <span class='ocrx_word' id='word_1_257' title='bbox 235 2952 316 3021; x_wconf 90' lang='lat' dir='ltr'><strong>parte</strong></span> <span class='ocrx_word' id='word_1_258' title='bbox 341 2941 442 3002; x_wconf 85' lang='lat' dir='ltr'><strong>dextra</strong></span> <span class='ocrx_word' id='word_1_259' title='bbox 463 2951 585 3019; x_wconf 90' lang='lat' dir='ltr'><strong>repente</strong></span> <span class='ocrx_word' id='word_1_260' title='bbox 606 2943 701 3021; x_wconf 89' lang='lat' dir='ltr'><strong>aquila</strong></span> <span class='ocrx_word' id='word_1_261' title='bbox 723 2943 887 3021; x_wconf 83' lang='lat' dir='ltr'><strong>advolavit,</strong></span> <span class='ocrx_word' id='word_1_262' title='bbox 915 2943 1104 3022; x_wconf 88' lang='lat' dir='ltr'><strong>lustratisque</strong></span> 
     </span>
     <span class='ocr_line' id='line_1_34' title="bbox 111 3026 1103 3105; baseline 0.003 -21"><span class='ocrx_word' id='word_1_263' title='bbox 111 3026 203 3103; x_wconf 87' lang='lat' dir='ltr'><strong>signis</strong></span> <span class='ocrx_word' id='word_1_264' title='bbox 217 3027 369 3103; x_wconf 90' lang='lat' dir='ltr'><strong>ingressos</strong></span> <span class='ocrx_word' id='word_1_265' title='bbox 387 3027 462 3086; x_wconf 86' lang='lat' dir='ltr'><strong>viam</strong></span> <span class='ocrx_word' id='word_1_266' title='bbox 479 3026 586 3085; x_wconf 90' lang='lat' dir='ltr'><strong>sensim</strong></span> <span class='ocrx_word' id='word_1_267' title='bbox 599 3029 767 3086; x_wconf 88' lang='lat' dir='ltr'><strong>antecessit.</strong></span> <span class='ocrx_word' id='word_1_268' title='bbox 798 3027 837 3086; x_wconf 85' lang='lat' dir='ltr'><strong>At</strong></span> <span class='ocrx_word' id='word_1_269' title='bbox 850 3036 950 3087; x_wconf 89' lang='lat' dir='ltr'><strong>contra</strong></span> <span class='ocrx_word' id='word_1_270' title='bbox 963 3029 1028 3105; x_wconf 90' lang='lat' dir='ltr'><strong>ipso</strong></span> <span class='ocrx_word' id='word_1_271' title='bbox 1041 3046 1103 3087; x_wconf 92' lang='lat' dir='ltr'><strong>mo-</strong></span> 
     </span>
     <span class='ocr_line' id='line_1_35' title="bbox 111 3109 1104 3189; baseline 0.003 -21"><span class='ocrx_word' id='word_1_272' title='bbox 111 3119 212 3186; x_wconf 87' lang='lat' dir='ltr'><strong>vente,</strong></span> <span class='ocrx_word' id='word_1_273' title='bbox 236 3119 347 3170; x_wconf 89' lang='lat' dir='ltr'><strong>statuae</strong></span> <span class='ocrx_word' id='word_1_274' title='bbox 370 3117 541 3188; x_wconf 84' lang='lat' dir='ltr'><strong>equestres,</strong></span> <span class='ocrx_word' id='word_1_275' title='bbox 565 3127 629 3168; x_wconf 87' lang='lat' dir='ltr'><strong>oum</strong></span> <span class='ocrx_word' id='word_1_276' title='bbox 655 3109 833 3188; x_wconf 79' lang='lat' dir='ltr'><strong>plurifariam</strong></span> <span class='ocrx_word' id='word_1_277' title='bbox 856 3113 883 3171; x_wconf 89' lang='lat' dir='ltr'><strong>ei</strong></span> <span class='ocrx_word' id='word_1_278' title='bbox 911 3121 1104 3189; x_wconf 85' lang='lat' dir='ltr'><strong>ponerentur,</strong></span> 
     </span>
     <span class='ocr_line' id='line_1_36' title="bbox 109 3193 1124 3272; baseline 0.003 -21"><span class='ocrx_word' id='word_1_279' title='bbox 109 3193 210 3252; x_wconf 86' lang='lat' dir='ltr'><strong>fractis</strong></span> <span class='ocrx_word' id='word_1_280' title='bbox 226 3204 347 3271; x_wconf 90' lang='lat' dir='ltr'><strong>repente</strong></span> <span class='ocrx_word' id='word_1_281' title='bbox 364 3193 494 3254; x_wconf 88' lang='lat' dir='ltr'><strong>cruribus</strong></span> <span class='ocrx_word' id='word_1_282' title='bbox 511 3193 618 3270; x_wconf 90' lang='lat' dir='ltr'><strong>pariter</strong></span> <span class='ocrx_word' id='word_1_283' title='bbox 632 3204 817 3272; x_wconf 89' lang='lat' dir='ltr'><strong>corruerunt,</strong></span> <span class='ocrx_word' id='word_1_284' title='bbox 841 3204 870 3254; x_wconf 89' lang='lat' dir='ltr'><strong>et</strong></span> <span class='ocrx_word' id='word_1_285' title='bbox 884 3194 997 3271; x_wconf 90' lang='lat' dir='ltr'><strong>laurea,</strong></span> <span class='ocrx_word' id='word_1_286' title='bbox 1016 3210 1124 3272; x_wconf 75' lang='lat' dir='ltr'><strong>quamr‘</strong></span> 
     </span>
     <span class='ocr_line' id='line_1_37' title="bbox 109 3275 1103 3356; baseline 0.006 -23"><span class='ocrx_word' id='word_1_287' title='bbox 109 3275 329 3354; x_wconf 90' lang='lat' dir='ltr'><strong>religiosissime</strong></span> <span class='ocrx_word' id='word_1_288' title='bbox 353 3275 597 3352; x_wconf 67' lang='lat' dir='ltr'><strong>circumdederat,</strong></span> <span class='ocrx_word' id='word_1_289' title='bbox 622 3279 651 3335; x_wconf 88' lang='lat' dir='ltr'><strong>in</strong></span> <span class='ocrx_word' id='word_1_290' title='bbox 673 3279 864 3356; x_wconf 82' lang='lat' dir='ltr'><strong>profluentem</strong></span> <span class='ocrx_word' id='word_1_291' title='bbox 886 3278 993 3338; x_wconf 88' lang='lat' dir='ltr'><strong>excidit</strong></span> <span class='ocrx_word' id='word_1_292' title='bbox 1001 3302 1009 3347; x_wconf 92' lang='grc'><strong>;</strong></span> <span class='ocrx_word' id='word_1_293' title='bbox 1031 3297 1103 3339; x_wconf 85' lang='lat' dir='ltr'><strong>mox</strong></span> 
     </span>
     <span class='ocr_line' id='line_1_38' title="bbox 108 3357 1103 3440; baseline 0.007 -24"><span class='ocrx_word' id='word_1_294' title='bbox 108 3357 238 3418; x_wconf 89' lang='lat' dir='ltr'><strong>Viennae</strong></span> <span class='ocrx_word' id='word_1_295' title='bbox 255 3378 308 3437; x_wconf 92' lang='lat' dir='ltr'><strong>pro</strong></span> <span class='ocrx_word' id='word_1_296' title='bbox 326 3371 336 3420; x_wconf 89' lang='lat' dir='ltr'><strong>t</strong></span> <span class='ocrx_word' id='word_1_297' title='bbox 355 3360 459 3420; x_wconf 72' lang='lat' dir='ltr'><strong>²¹¹·1nali</strong></span> <span class='ocrx_word' id='word_1_298' title='bbox 477 3362 528 3418; x_wconf 69' lang='lat' dir='ltr'><strong>iar</strong></span> <span class='ocrx_word' id='word_1_299' title='bbox 568 3360 689 3419; x_wconf 52' lang='lat' dir='ltr'><strong>*Menti</strong></span> <span class='ocrx_word' id='word_1_300' title='bbox 710 3363 890 3439; x_wconf 87' lang='lat' dir='ltr'><strong>gallinaceus</strong></span> <span class='ocrx_word' id='word_1_301' title='bbox 911 3380 998 3440; x_wconf 91' lang='lat' dir='ltr'><strong>snpra</strong></span> <span class='ocrx_word' id='word_1_302' title='bbox 1021 3381 1103 3423; x_wconf 86' lang='lat' dir='ltr'><strong>ume-</strong></span> 
     </span>
     <span class='ocr_line' id='line_1_39' title="bbox 107 3441 1104 3526; baseline 0.008 -41"><span class='ocrx_word' id='word_1_303' title='bbox 107 3457 169 3499; x_wconf 63' lang='lat' dir='ltr'><strong>rum</strong></span> <span class='ocrx_word' id='word_1_304' title='bbox 183 3459 219 3501; x_wconf 73' lang='lat' dir='ltr'><strong>gg</strong></span> <span class='ocrx_word' id='word_1_305' title='bbox 234 3441 324 3500; x_wconf 55' lang='lat' dir='ltr'><strong>deind</strong></span> <span class='ocrx_word' id='word_1_306' title='bbox 365 3465 372 3490; x_wconf 77' lang='lat' dir='ltr'><strong>r</strong></span> <span class='ocrx_word' id='word_1_307' title='bbox 409 3445 596 3490; x_wconf 43' lang='lat' dir='ltr'><strong>,omits-„anu</strong></span> <span class='ocrx_word' id='word_1_308' title='bbox 654 3445 1104 3526; x_wconf 29' lang='lat' dir='ltr'><strong>,lunii-rnnqrnnpiquprespon.</strong></span> 
     </span>
    </p>
   </div>
   <div class='ocr_carea' id='block_1_3' title="bbox 1140 1530 1144 2255">
    <p class='ocr_par' dir='ltr' id='par_1_6' title="bbox 1140 1530 1144 2255">
     <span class='ocr_line' id='line_1_40' title="bbox 1140 1530 1144 2255; baseline 0 0"><span class='ocrx_word' id='word_1_309' title='bbox 1140 1530 1144 2255; x_wconf 95' lang='lat' dir='ltr'><strong> </strong></span> 
     </span>
    </p>
   </div>
   <div class='ocr_carea' id='block_1_4' title="bbox 0 0 1148 3944">
    <p class='ocr_par' dir='ltr' id='par_1_7' title="bbox 0 0 1148 3944">
     <span class='ocr_line' id='line_1_41' title="bbox 0 0 1148 3944; baseline 0 2"><span class='ocrx_word' id='word_1_310' title='bbox 0 0 1148 3944; x_wconf 95' lang='lat' dir='ltr'><strong> </strong></span> 
     </span>
    </p>
   </div>
  </div>
 </body>
</html>
