<?xml version="1.0" encoding="UTF-8"?>
<!DOCTYPE html PUBLIC "-//W3C//DTD XHTML 1.0 Transitional//EN"
    "http://www.w3.org/TR/xhtml1/DTD/xhtml1-transitional.dtd">
<html xmlns="http://www.w3.org/1999/xhtml" xml:lang="en" lang="en">
 <head>
  <title>
</title>
<meta http-equiv="Content-Type" content="text/html;charset=utf-8" />
  <meta name='ocr-system' content='tesseract 3.04.00' />
  <meta name='ocr-capabilities' content='ocr_page ocr_carea ocr_par ocr_line ocrx_word'/>
</head>
<body>
  <div class='ocr_page' id='page_1' title='image "./csuetonitranqui01suetgoog_0342.png"; bbox 0 0 2256 3930; ppageno 0'>
   <div class='ocr_carea' id='block_1_1' title="bbox 485 221 1106 284">
    <p class='ocr_par' dir='ltr' id='par_1_1' title="bbox 485 221 1106 284">
     <span class='ocr_line' id='line_1_1' title="bbox 485 221 1106 284; baseline 0.008 -6"><span class='ocrx_word' id='word_1_1' title='bbox 485 230 591 279; x_wconf 81' lang='lat' dir='ltr'>Divus</span> <span class='ocrx_word' id='word_1_2' title='bbox 610 233 722 281; x_wconf 77' lang='lat' dir='ltr'>ninus.</span> <span class='ocrx_word' id='word_1_3' title='bbox 995 247 998 251; x_wconf 92' lang='lat'>·</span> <span class='ocrx_word' id='word_1_4' title='bbox 1043 221 1106 284; x_wconf 81' lang='lat'>237</span> 
     </span>
    </p>
   </div>
   <div class='ocr_carea' id='block_1_2' title="bbox 86 385 1128 3566">
    <p class='ocr_par' dir='ltr' id='par_1_2' title="bbox 113 385 1106 548">
     <span class='ocr_line' id='line_1_2' title="bbox 113 385 1106 466; baseline 0.003 -21"><span class='ocrx_word' id='word_1_5' title='bbox 113 395 271 446; x_wconf 85' lang='lat' dir='ltr'>statuarum</span> <span class='ocrx_word' id='word_1_6' title='bbox 286 395 314 444; x_wconf 91' lang='lat' dir='ltr'>et</span> <span class='ocrx_word' id='word_1_7' title='bbox 329 385 481 461; x_wconf 79' lang='lat' dir='ltr'>imaginum</span> <span class='ocrx_word' id='word_1_8' title='bbox 497 387 558 444; x_wconf 88' lang='lat' dir='ltr'>eins</span> <span class='ocrx_word' id='word_1_9' title='bbox 572 387 749 446; x_wconf 87' lang='lat' dir='ltr'>multitudine</span> <span class='ocrx_word' id='word_1_10' title='bbox 765 405 800 447; x_wconf 92' lang='lat' dir='ltr'>ac</span> <span class='ocrx_word' id='word_1_11' title='bbox 818 389 905 448; x_wconf 90' lang='lat' dir='ltr'>titulis</span> <span class='ocrx_word' id='word_1_12' title='bbox 927 405 981 466; x_wconf 91' lang='lat' dir='ltr'>per</span> <span class='ocrx_word' id='word_1_13' title='bbox 1003 398 1106 447; x_wconf 90' lang='lat' dir='ltr'>utram·</span> 
     </span>
     <span class='ocr_line' id='line_1_3' title="bbox 115 469 375 548; baseline -0.012 -20"><span class='ocrx_word' id='word_1_14' title='bbox 115 487 171 548; x_wconf 91' lang='lat' dir='ltr'>que</span> <span class='ocrx_word' id='word_1_15' title='bbox 187 469 375 548; x_wconf 77' lang='lat' dir='ltr'>provinciam,</span> 
     </span>
    </p>

    <p class='ocr_par' dir='ltr' id='par_1_3' title="bbox 113 551 1106 717">
     <span class='ocr_line' id='line_1_4' title="bbox 176 551 1106 633; baseline 0.003 -21"><span class='ocrx_word' id='word_1_16' title='bbox 176 554 248 613; x_wconf 91' lang='lat' dir='ltr'>Post</span> <span class='ocrx_word' id='word_1_17' title='bbox 264 551 405 632; x_wconf 89' lang='lat' dir='ltr'>stipendia</span> <span class='ocrx_word' id='word_1_18' title='bbox 420 551 486 611; x_wconf 89' lang='lat' dir='ltr'>ioro</span> <span class='ocrx_word' id='word_1_19' title='bbox 503 571 622 631; x_wconf 81' lang='lat' dir='ltr'>operam</span> <span class='ocrx_word' id='word_1_20' title='bbox 637 553 725 629; x_wconf 85' lang='lat' dir='ltr'><strong>dedit,</strong></span> <span class='ocrx_word' id='word_1_21' title='bbox 740 553 891 614; x_wconf 83' lang='lat' dir='ltr'><strong>honestam</strong></span> <span class='ocrx_word' id='word_1_22' title='bbox 911 556 1004 632; x_wconf 91' lang='lat' dir='ltr'>magis</span> <span class='ocrx_word' id='word_1_23' title='bbox 1021 573 1106 633; x_wconf 91' lang='lat' dir='ltr'>quam</span> 
     </span>
     <span class='ocr_line' id='line_1_5' title="bbox 113 635 1105 717; baseline 0.001 -19"><span class='ocrx_word' id='word_1_24' title='bbox 113 638 273 714; x_wconf 79' lang='lat' dir='ltr'>assiduam,</span> <span class='ocrx_word' id='word_1_25' title='bbox 296 635 457 713; x_wconf 89' lang='lat' dir='ltr'>eodemque</span> <span class='ocrx_word' id='word_1_26' title='bbox 476 645 608 715; x_wconf 88' lang='lat' dir='ltr'>tempore</span> <span class='ocrx_word' id='word_1_27' title='bbox 638 639 808 699; x_wconf 82' lang='lat' dir='ltr'>Arrecinam</span> <span class='ocrx_word' id='word_1_28' title='bbox 826 637 998 714; x_wconf 76' lang='lat' dir='ltr'>Tertullam,</span> <span class='ocrx_word' id='word_1_29' title='bbox 1023 650 1105 717; x_wconf 91' lang='lat' dir='ltr'>patre</span> 
     </span>
    </p>

    <p class='ocr_par' dir='ltr' id='par_1_4' title="bbox 86 676 1105 964">
     <span class='ocr_line' id='line_1_6' title="bbox 86 676 1105 891; baseline -0.003 -106"><span class='ocrx_word' id='word_1_30' title='bbox 86 676 159 891; x_wconf 56' lang='grc' dir='ltr'>ιη.</span> <span class='ocrx_word' id='word_1_31' title='bbox 181 722 218 782; x_wconf 89' lang='lat' dir='ltr'>R.</span> <span class='ocrx_word' id='word_1_32' title='bbox 242 720 294 780; x_wconf 93' lang='lat' dir='ltr'>sed</span> <span class='ocrx_word' id='word_1_33' title='bbox 316 719 468 798; x_wconf 86' lang='lat' dir='ltr'>praefecto</span> <span class='ocrx_word' id='word_1_34' title='bbox 491 720 634 798; x_wconf 90' lang='lat' dir='ltr'>quondam</span> <span class='ocrx_word' id='word_1_35' title='bbox 662 723 907 799; x_wconf 88' lang='lat' dir='ltr'>praetorianarum</span> <span class='ocrx_word' id='word_1_36' title='bbox 934 722 1105 801; x_wconf 83' lang='lat' dir='ltr'>cohortium,</span> 
     </span>
     <span class='ocr_line' id='line_1_7' title="bbox 111 802 1105 884; baseline 0 -19"><span class='ocrx_word' id='word_1_37' title='bbox 111 803 194 865; x_wconf 80' lang='lat' dir='ltr'>duxit</span> <span class='ocrx_word' id='word_1_38' title='bbox 209 821 329 864; x_wconf 86' lang='lat' dir='ltr'>uxorem</span> <span class='ocrx_word' id='word_1_39' title='bbox 341 803 410 863; x_wconf 89' lang='lat' dir='ltr'>etin</span> <span class='ocrx_word' id='word_1_40' title='bbox 422 802 575 864; x_wconf 81' lang='lat' dir='ltr'><strong>defunctae</strong></span> <span class='ocrx_word' id='word_1_41' title='bbox 586 805 682 864; x_wconf 90' lang='lat' dir='ltr'>locum</span> <span class='ocrx_word' id='word_1_42' title='bbox 694 805 830 865; x_wconf 85' lang='lat' dir='ltr'>Marciam</span> <span class='ocrx_word' id='word_1_43' title='bbox 840 805 996 866; x_wconf 83' lang='lat' dir='ltr'>Furnillam</span> <span class='ocrx_word' id='word_1_44' title='bbox 1009 806 1105 884; x_wconf 86' lang='lat' dir='ltr'>splen·</span> 
     </span>
     <span class='ocr_line' id='line_1_8' title="bbox 86 887 953 964; baseline -0.007 -11"><span class='ocrx_word' id='word_1_45' title='bbox 86 887 169 953; x_wconf 82' lang='lat' dir='ltr'>t&#39;rth&#39;di</span> <span class='ocrx_word' id='word_1_46' title='bbox 184 890 317 964; x_wconf 87' lang='lat' dir='ltr'>generis;</span> <span class='ocrx_word' id='word_1_47' title='bbox 334 904 397 946; x_wconf 92' lang='lat' dir='ltr'>cum</span> <span class='ocrx_word' id='word_1_48' title='bbox 414 905 480 964; x_wconf 89' lang='lat' dir='ltr'>qua,</span> <span class='ocrx_word' id='word_1_49' title='bbox 496 888 607 947; x_wconf 91' lang='lat' dir='ltr'>sublata</span> <span class='ocrx_word' id='word_1_50' title='bbox 622 889 689 964; x_wconf 87' lang='lat' dir='ltr'>hlia,</span> <span class='ocrx_word' id='word_1_51' title='bbox 706 888 859 949; x_wconf 91' lang='lat' dir='ltr'>divortium</span> <span class='ocrx_word' id='word_1_52' title='bbox 874 890 953 948; x_wconf 88' lang='lat' dir='ltr'>iecit.</span> 
     </span>
    </p>

    <p class='ocr_par' dir='ltr' id='par_1_5' title="bbox 86 970 1106 1299">
     <span class='ocr_line' id='line_1_9' title="bbox 86 970 1105 1052; baseline -0.001 -19"><span class='ocrx_word' id='word_1_53' title='bbox 86 1028 90 1033; x_wconf 90' lang='lat'><em>.</em></span> <span class='ocrx_word' id='word_1_54' title='bbox 176 972 224 1032; x_wconf 84' lang='lat' dir='ltr'>Ex</span> <span class='ocrx_word' id='word_1_55' title='bbox 246 981 418 1050; x_wconf 78' lang='lat' dir='ltr'>quaesturae</span> <span class='ocrx_word' id='word_1_56' title='bbox 435 970 538 1030; x_wconf 92' lang='lat' dir='ltr'>deinde</span> <span class='ocrx_word' id='word_1_57' title='bbox 553 971 665 1032; x_wconf 91' lang='lat' dir='ltr'>honore</span> <span class='ocrx_word' id='word_1_58' title='bbox 681 973 792 1049; x_wconf 88' lang='lat' dir='ltr'>legioni</span> <span class='ocrx_word' id='word_1_59' title='bbox 809 975 1011 1052; x_wconf 91' lang='lat' dir='ltr'>praepositus,</span> <span class='ocrx_word' id='word_1_60' title='bbox 1027 975 1105 1034; x_wconf 87' lang='lat' dir='ltr'>Tari-</span> 
     </span>
     <span class='ocr_line' id='line_1_10' title="bbox 113 1054 1106 1135; baseline 0 -18"><span class='ocrx_word' id='word_1_61' title='bbox 113 1057 202 1117; x_wconf 88' lang='lat' dir='ltr'>cheas</span> <span class='ocrx_word' id='word_1_62' title='bbox 218 1065 247 1115; x_wconf 93' lang='lat' dir='ltr'>et</span> <span class='ocrx_word' id='word_1_63' title='bbox 262 1055 406 1116; x_wconf 85' lang='lat' dir='ltr'>Gamalam</span> <span class='ocrx_word' id='word_1_64' title='bbox 421 1054 509 1114; x_wconf 92' lang='lat' dir='ltr'>urbes</span> <span class='ocrx_word' id='word_1_65' title='bbox 525 1055 649 1115; x_wconf 88' lang='lat' dir='ltr'>Iudaeae</span> <span class='ocrx_word' id='word_1_66' title='bbox 668 1056 858 1116; x_wconf 89' lang='lat' dir='ltr'>validissimas</span> <span class='ocrx_word' id='word_1_67' title='bbox 878 1059 907 1115; x_wconf 94' lang='lat' dir='ltr'>in</span> <span class='ocrx_word' id='word_1_68' title='bbox 933 1067 1106 1135; x_wconf 90' lang='lat' dir='ltr'>potestatem</span> 
     </span>
     <span class='ocr_line' id='line_1_11' title="bbox 87 1138 1105 1221; baseline -0.002 -19"><span class='ocrx_word' id='word_1_69' title='bbox 87 1214 89 1221; x_wconf 18' lang='grc' dir='ltr'><em>Α</em></span> <span class='ocrx_word' id='word_1_70' title='bbox 126 1141 244 1218; x_wconf 90' lang='lat' dir='ltr'>edegit,</span> <span class='ocrx_word' id='word_1_71' title='bbox 266 1156 341 1218; x_wconf 90' lang='lat' dir='ltr'>equo</span> <span class='ocrx_word' id='word_1_72' title='bbox 364 1138 486 1216; x_wconf 90' lang='lat' dir='ltr'>quadam</span> <span class='ocrx_word' id='word_1_73' title='bbox 507 1140 571 1198; x_wconf 88' lang='lat' dir='ltr'>acie</span> <span class='ocrx_word' id='word_1_74' title='bbox 589 1139 641 1199; x_wconf 89' lang='lat' dir='ltr'>sub</span> <span class='ocrx_word' id='word_1_75' title='bbox 659 1140 812 1200; x_wconf 83' lang='lat' dir='ltr'>feminibus</span> <span class='ocrx_word' id='word_1_76' title='bbox 827 1143 933 1200; x_wconf 89' lang='lat' dir='ltr'>amisso</span> <span class='ocrx_word' id='word_1_77' title='bbox 954 1141 1105 1220; x_wconf 92' lang='lat' dir='ltr'>alteroque</span> 
     </span>
     <span class='ocr_line' id='line_1_12' title="bbox 108 1224 980 1299; baseline -0.003 -14"><span class='ocrx_word' id='word_1_78' title='bbox 108 1224 261 1299; x_wconf 79' lang='lat' dir='ltr'>inscenso,</span> <span class='ocrx_word' id='word_1_79' title='bbox 279 1224 359 1282; x_wconf 90' lang='lat' dir='ltr'>ouius</span> <span class='ocrx_word' id='word_1_80' title='bbox 376 1231 476 1282; x_wconf 89' lang='lat' dir='ltr'>rector</span> <span class='ocrx_word' id='word_1_81' title='bbox 494 1224 572 1282; x_wconf 92' lang='lat' dir='ltr'>circa</span> <span class='ocrx_word' id='word_1_82' title='bbox 589 1242 621 1282; x_wconf 93' lang='lat' dir='ltr'>se</span> <span class='ocrx_word' id='word_1_83' title='bbox 639 1224 777 1283; x_wconf 88' lang='lat' dir='ltr'>dimicans</span> <span class='ocrx_word' id='word_1_84' title='bbox 793 1225 980 1284; x_wconf 88' lang='lat' dir='ltr'>occubuerat.</span> 
     </span>
    </p>

    <p class='ocr_par' dir='ltr' id='par_1_6' title="bbox 173 1307 1128 1388">
     <span class='ocr_line' id='line_1_13' title="bbox 173 1307 1128 1388; baseline 0.001 -21"><span class='ocrx_word' id='word_1_85' title='bbox 173 1307 266 1368; x_wconf 87' lang='lat' dir='ltr'>Galba</span> <span class='ocrx_word' id='word_1_86' title='bbox 280 1323 348 1365; x_wconf 83' lang='lat' dir='ltr'>mox</span> <span class='ocrx_word' id='word_1_87' title='bbox 363 1314 481 1365; x_wconf 88' lang='lat' dir='ltr'>tenente</span> <span class='ocrx_word' id='word_1_88' title='bbox 496 1325 558 1365; x_wconf 91' lang='lat' dir='ltr'>rem</span> <span class='ocrx_word' id='word_1_89' title='bbox 576 1325 604 1384; x_wconf 89' lang='lat' dir='ltr'>p.</span> <span class='ocrx_word' id='word_1_90' title='bbox 622 1309 725 1367; x_wconf 91' lang='lat' dir='ltr'>missus</span> <span class='ocrx_word' id='word_1_91' title='bbox 741 1307 777 1367; x_wconf 93' lang='lat' dir='ltr'>ad</span> <span class='ocrx_word' id='word_1_92' title='bbox 797 1308 1009 1385; x_wconf 90' lang='lat' dir='ltr'>gratulandum,</span> <span class='ocrx_word' id='word_1_93' title='bbox 1036 1327 1104 1388; x_wconf 87' lang='lat' dir='ltr'>qua·</span> <span class='ocrx_word' id='word_1_94' title='bbox 1124 1330 1128 1335; x_wconf 61' lang='lat'><strong><em>¹</em></strong></span> 
     </span>
    </p>

    <p class='ocr_par' dir='ltr' id='par_1_7' title="bbox 86 1389 1111 3147">
     <span class='ocr_line' id='line_1_14' title="bbox 86 1389 1105 1474; baseline 0.001 -23"><span class='ocrx_word' id='word_1_95' title='bbox 86 1394 167 1474; x_wconf 47' lang='lat' dir='ltr'>&#39;aqua</span> <span class='ocrx_word' id='word_1_96' title='bbox 188 1393 246 1450; x_wconf 92' lang='lat' dir='ltr'>iret</span> <span class='ocrx_word' id='word_1_97' title='bbox 267 1389 410 1449; x_wconf 90' lang='lat' dir='ltr'>convertit</span> <span class='ocrx_word' id='word_1_98' title='bbox 429 1391 580 1466; x_wconf 87' lang='lat' dir='ltr'>homines,</span> <span class='ocrx_word' id='word_1_99' title='bbox 605 1392 686 1469; x_wconf 87' lang='lat' dir='ltr'>quasi</span> <span class='ocrx_word' id='word_1_100' title='bbox 709 1392 871 1470; x_wconf 91' lang='lat' dir='ltr'>adoptionis</span> <span class='ocrx_word' id='word_1_101' title='bbox 895 1393 988 1468; x_wconf 90' lang='lat' dir='ltr'>gratia</span> <span class='ocrx_word' id='word_1_102' title='bbox 1009 1411 1105 1452; x_wconf 91' lang='lat' dir='ltr'>arces-</span> 
     </span>
     <span class='ocr_line' id='line_1_15' title="bbox 89 1472 1107 1554; baseline -0.002 -17"><span class='ocrx_word' id='word_1_103' title='bbox 89 1483 237 1537; x_wconf 59' lang='lat' dir='ltr'>stueretur.</span> <span class='ocrx_word' id='word_1_104' title='bbox 287 1472 346 1533; x_wconf 87' lang='lat' dir='ltr'>Sed</span> <span class='ocrx_word' id='word_1_105' title='bbox 374 1472 422 1532; x_wconf 94' lang='lat' dir='ltr'>ubi</span> <span class='ocrx_word' id='word_1_106' title='bbox 444 1474 551 1534; x_wconf 92' lang='lat' dir='ltr'>turbari</span> <span class='ocrx_word' id='word_1_107' title='bbox 575 1493 674 1534; x_wconf 91' lang='lat' dir='ltr'>rursus</span> <span class='ocrx_word' id='word_1_108' title='bbox 698 1484 801 1534; x_wconf 90' lang='lat' dir='ltr'>cuncta</span> <span class='ocrx_word' id='word_1_109' title='bbox 829 1478 935 1554; x_wconf 91' lang='lat' dir='ltr'>sensit,</span> <span class='ocrx_word' id='word_1_110' title='bbox 967 1476 1043 1536; x_wconf 92' lang='lat' dir='ltr'>redit</span> <span class='ocrx_word' id='word_1_111' title='bbox 1070 1495 1107 1535; x_wconf 90' lang='lat' dir='ltr'>ex</span> 
     </span>
     <span class='ocr_line' id='line_1_16' title="bbox 86 1556 1106 1637; baseline -0.002 -16"><span class='ocrx_word' id='word_1_112' title='bbox 86 1561 236 1634; x_wconf 68' lang='lat' dir='ltr'>i-itinere,</span> <span class='ocrx_word' id='word_1_113' title='bbox 253 1556 389 1634; x_wconf 88' lang='lat' dir='ltr'>aditoque</span> <span class='ocrx_word' id='word_1_114' title='bbox 404 1556 532 1636; x_wconf 88' lang='lat' dir='ltr'>Paphiae</span> <span class='ocrx_word' id='word_1_115' title='bbox 549 1559 674 1618; x_wconf 90' lang='lat' dir='ltr'>Veneris</span> <span class='ocrx_word' id='word_1_116' title='bbox 689 1559 823 1636; x_wconf 90' lang='lat' dir='ltr'>oraculo,</span> <span class='ocrx_word' id='word_1_117' title='bbox 848 1559 912 1618; x_wconf 93' lang='lat' dir='ltr'>dum</span> <span class='ocrx_word' id='word_1_118' title='bbox 931 1560 967 1619; x_wconf 90' lang='lat' dir='ltr'>de</span> <span class='ocrx_word' id='word_1_119' title='bbox 988 1561 1106 1637; x_wconf 88' lang='lat' dir='ltr'>naviga-</span> 
     </span>
     <span class='ocr_line' id='line_1_17' title="bbox 99 1641 1107 1721; baseline -0.003 -16"><span class='ocrx_word' id='word_1_120' title='bbox 99 1646 192 1705; x_wconf 81' lang='lat' dir='ltr'>tione</span> <span class='ocrx_word' id='word_1_121' title='bbox 209 1641 350 1717; x_wconf 91' lang='lat' dir='ltr'>consulit,</span> <span class='ocrx_word' id='word_1_122' title='bbox 367 1641 453 1700; x_wconf 89' lang='lat' dir='ltr'>etiam</span> <span class='ocrx_word' id='word_1_123' title='bbox 468 1641 504 1700; x_wconf 90' lang='lat' dir='ltr'>dc</span> <span class='ocrx_word' id='word_1_124' title='bbox 520 1643 633 1720; x_wconf 93' lang='lat' dir='ltr'>imperii</span> <span class='ocrx_word' id='word_1_125' title='bbox 650 1661 704 1721; x_wconf 91' lang='lat' dir='ltr'>spe</span> <span class='ocrx_word' id='word_1_126' title='bbox 725 1643 908 1703; x_wconf 79' lang='lat' dir='ltr'>confirmatus</span> <span class='ocrx_word' id='word_1_127' title='bbox 930 1653 984 1704; x_wconf 91' lang='lat' dir='ltr'>cst.</span> <span class='ocrx_word' id='word_1_128' title='bbox 1020 1643 1107 1703; x_wconf 84' lang='lat' dir='ltr'>Cuius</span> 
     </span>
     <span class='ocr_line' id='line_1_18' title="bbox 98 1725 1107 1804; baseline -0.002 -16"><span class='ocrx_word' id='word_1_129' title='bbox 98 1728 196 1789; x_wconf 85' lang='lat' dir='ltr'>hrevi</span> <span class='ocrx_word' id='word_1_130' title='bbox 215 1742 352 1804; x_wconf 91' lang='lat' dir='ltr'>compos,</span> <span class='ocrx_word' id='word_1_131' title='bbox 373 1725 453 1785; x_wconf 90' lang='lat' dir='ltr'>etad</span> <span class='ocrx_word' id='word_1_132' title='bbox 470 1725 691 1803; x_wconf 92' lang='lat' dir='ltr'>perdomandam</span> <span class='ocrx_word' id='word_1_133' title='bbox 705 1725 839 1787; x_wconf 88' lang='lat' dir='ltr'>Iudaeam</span> <span class='ocrx_word' id='word_1_134' title='bbox 854 1727 989 1804; x_wconf 86' lang='lat' dir='ltr'>relictus,</span> <span class='ocrx_word' id='word_1_135' title='bbox 1011 1729 1107 1787; x_wconf 88' lang='lat' dir='ltr'>novis·</span> 
     </span>
     <span class='ocr_line' id='line_1_19' title="bbox 101 1808 1107 1889; baseline -0.004 -15"><span class='ocrx_word' id='word_1_136' title='bbox 101 1814 185 1875; x_wconf 87' lang='lat' dir='ltr'>sima</span> <span class='ocrx_word' id='word_1_137' title='bbox 197 1808 466 1884; x_wconf 83' lang='lat' dir='ltr'>Hierosolymorum</span> <span class='ocrx_word' id='word_1_138' title='bbox 477 1811 695 1888; x_wconf 81' lang='lat' dir='ltr'>oppugnatione</span> <span class='ocrx_word' id='word_1_139' title='bbox 708 1809 860 1870; x_wconf 89' lang='lat' dir='ltr'>duodecim</span> <span class='ocrx_word' id='word_1_140' title='bbox 872 1821 1107 1889; x_wconf 88' lang='lat' dir='ltr'>propugnatores</span> 
     </span>
     <span class='ocr_line' id='line_1_20' title="bbox 100 1893 1108 1972; baseline -0.003 -15"><span class='ocrx_word' id='word_1_141' title='bbox 100 1893 232 1957; x_wconf 83' lang='lat' dir='ltr'>totidem</span> <span class='ocrx_word' id='word_1_142' title='bbox 248 1893 415 1970; x_wconf 89' lang='lat' dir='ltr'>sagittarum</span> <span class='ocrx_word' id='word_1_143' title='bbox 429 1894 557 1953; x_wconf 89' lang='lat' dir='ltr'>coniecit</span> <span class='ocrx_word' id='word_1_144' title='bbox 572 1893 691 1970; x_wconf 88' lang='lat' dir='ltr'>ictibus,</span> <span class='ocrx_word' id='word_1_145' title='bbox 715 1896 851 1972; x_wconf 88' lang='lat' dir='ltr'>cepitque</span> <span class='ocrx_word' id='word_1_146' title='bbox 869 1912 903 1954; x_wconf 93' lang='lat' dir='ltr'>ea</span> <span class='ocrx_word' id='word_1_147' title='bbox 923 1895 1011 1954; x_wconf 92' lang='lat' dir='ltr'>natali</span> <span class='ocrx_word' id='word_1_148' title='bbox 1032 1895 1108 1954; x_wconf 86' lang='lat' dir='ltr'>tiliae</span> 
     </span>
     <span class='ocr_line' id='line_1_21' title="bbox 86 1977 1107 2056; baseline -0.004 -16"><span class='ocrx_word' id='word_1_149' title='bbox 86 1995 185 2041; x_wconf 73' lang='lat' dir='ltr'>tsnae</span> <span class='ocrx_word' id='word_1_150' title='bbox 201 1987 279 2037; x_wconf 87' lang='lat' dir='ltr'>tanto</span> <span class='ocrx_word' id='word_1_151' title='bbox 294 1977 412 2036; x_wconf 89' lang='lat' dir='ltr'>militum</span> <span class='ocrx_word' id='word_1_152' title='bbox 427 1977 533 2054; x_wconf 91' lang='lat' dir='ltr'>gaudio</span> <span class='ocrx_word' id='word_1_153' title='bbox 550 1996 584 2037; x_wconf 92' lang='lat' dir='ltr'>ac</span> <span class='ocrx_word' id='word_1_154' title='bbox 599 1977 712 2053; x_wconf 86' lang='lat' dir='ltr'>lavore,</span> <span class='ocrx_word' id='word_1_155' title='bbox 727 1987 756 2037; x_wconf 87' lang='lat' dir='ltr'>ut</span> <span class='ocrx_word' id='word_1_156' title='bbox 771 1980 798 2036; x_wconf 94' lang='lat' dir='ltr'>in</span> <span class='ocrx_word' id='word_1_157' title='bbox 814 1977 1005 2054; x_wconf 86' lang='lat' dir='ltr'>gratulatione</span> <span class='ocrx_word' id='word_1_158' title='bbox 1018 1979 1107 2056; x_wconf 89' lang='lat' dir='ltr'>impe·</span> 
     </span>
     <span class='ocr_line' id='line_1_22' title="bbox 100 2060 1107 2138; baseline -0.006 -13"><span class='ocrx_word' id='word_1_159' title='bbox 100 2072 241 2125; x_wconf 49' lang='lat' dir='ltr'>’ratorem</span> <span class='ocrx_word' id='word_1_160' title='bbox 255 2079 320 2120; x_wconf 93' lang='lat' dir='ltr'>eum</span> <span class='ocrx_word' id='word_1_161' title='bbox 335 2061 579 2121; x_wconf 79' lang='lat' dir='ltr'>consalutauerint</span> <span class='ocrx_word' id='word_1_162' title='bbox 594 2071 624 2119; x_wconf 92' lang='lat' dir='ltr'>et</span> <span class='ocrx_word' id='word_1_163' title='bbox 637 2061 759 2120; x_wconf 90' lang='lat' dir='ltr'>subinde</span> <span class='ocrx_word' id='word_1_164' title='bbox 781 2060 971 2120; x_wconf 90' lang='lat' dir='ltr'>decedentem</span> <span class='ocrx_word' id='word_1_165' title='bbox 991 2062 1107 2138; x_wconf 87' lang='lat' dir='ltr'>provin·</span> 
     </span>
     <span class='ocr_line' id='line_1_23' title="bbox 107 2145 1108 2223; baseline -0.003 -16"><span class='ocrx_word' id='word_1_166' title='bbox 107 2149 160 2208; x_wconf 86' lang='lat' dir='ltr'>cia</span> <span class='ocrx_word' id='word_1_167' title='bbox 178 2145 365 2221; x_wconf 83' lang='lat' dir='ltr'>detinuerint,</span> <span class='ocrx_word' id='word_1_168' title='bbox 394 2145 563 2223; x_wconf 91' lang='lat' dir='ltr'>suppliciter</span> <span class='ocrx_word' id='word_1_169' title='bbox 578 2163 634 2204; x_wconf 88' lang='lat' dir='ltr'>nec</span> <span class='ocrx_word' id='word_1_170' title='bbox 654 2162 712 2204; x_wconf 93' lang='lat' dir='ltr'>non</span> <span class='ocrx_word' id='word_1_171' title='bbox 732 2153 762 2204; x_wconf 90' lang='lat' dir='ltr'>et</span> <span class='ocrx_word' id='word_1_172' title='bbox 780 2145 929 2204; x_wconf 90' lang='lat' dir='ltr'>minaciter</span> <span class='ocrx_word' id='word_1_173' title='bbox 947 2145 1108 2222; x_wconf 85' lang='lat' dir='ltr'>efflagitan-</span> 
     </span>
     <span class='ocr_line' id='line_1_24' title="bbox 105 2227 1107 2308; baseline -0.001 -18"><span class='ocrx_word' id='word_1_174' title='bbox 105 2240 176 2306; x_wconf 85' lang='lat' dir='ltr'>tes,</span> <span class='ocrx_word' id='word_1_175' title='bbox 198 2237 246 2290; x_wconf 92' lang='lat' dir='ltr'>aut</span> <span class='ocrx_word' id='word_1_176' title='bbox 270 2237 435 2288; x_wconf 89' lang='lat' dir='ltr'>remaneret</span> <span class='ocrx_word' id='word_1_177' title='bbox 464 2238 512 2288; x_wconf 91' lang='lat' dir='ltr'>aut</span> <span class='ocrx_word' id='word_1_178' title='bbox 543 2247 641 2288; x_wconf 90' lang='lat' dir='ltr'>secum</span> <span class='ocrx_word' id='word_1_179' title='bbox 668 2230 760 2288; x_wconf 92' lang='lat' dir='ltr'>omnis</span> <span class='ocrx_word' id='word_1_180' title='bbox 792 2228 902 2308; x_wconf 89' lang='lat' dir='ltr'>pariter</span> <span class='ocrx_word' id='word_1_181' title='bbox 938 2227 1107 2292; x_wconf 83' lang='lat' dir='ltr'>abduceret.</span> 
     </span>
     <span class='ocr_line' id='line_1_25' title="bbox 106 2311 1109 2391; baseline -0.001 -19"><span class='ocrx_word' id='word_1_182' title='bbox 106 2312 199 2378; x_wconf 80' lang='lat' dir='ltr'>Unde</span> <span class='ocrx_word' id='word_1_183' title='bbox 214 2322 280 2372; x_wconf 89' lang='lat' dir='ltr'>nata</span> <span class='ocrx_word' id='word_1_184' title='bbox 296 2313 423 2391; x_wconf 92' lang='lat' dir='ltr'>suspicio</span> <span class='ocrx_word' id='word_1_185' title='bbox 440 2321 494 2389; x_wconf 91' lang='lat' dir='ltr'>est,</span> <span class='ocrx_word' id='word_1_186' title='bbox 510 2314 590 2390; x_wconf 92' lang='lat' dir='ltr'>quasi</span> <span class='ocrx_word' id='word_1_187' title='bbox 609 2313 777 2372; x_wconf 89' lang='lat' dir='ltr'>desciscere</span> <span class='ocrx_word' id='word_1_188' title='bbox 793 2330 809 2372; x_wconf 93' lang='lat' dir='ltr'>a</span> <span class='ocrx_word' id='word_1_189' title='bbox 826 2321 907 2390; x_wconf 90' lang='lat' dir='ltr'>patre</span> <span class='ocrx_word' id='word_1_190' title='bbox 924 2311 1109 2391; x_wconf 86' lang='lat' dir='ltr'>Orientisque</span> 
     </span>
     <span class='ocr_line' id='line_1_26' title="bbox 86 2395 1109 2475; baseline -0.002 -17"><span class='ocrx_word' id='word_1_191' title='bbox 86 2406 239 2474; x_wconf 73' lang='lat' dir='ltr'>tregnum</span> <span class='ocrx_word' id='word_1_192' title='bbox 256 2396 310 2456; x_wconf 89' lang='lat' dir='ltr'>sibi</span> <span class='ocrx_word' id='word_1_193' title='bbox 324 2395 472 2456; x_wconf 90' lang='lat' dir='ltr'>vindicare</span> <span class='ocrx_word' id='word_1_194' title='bbox 487 2405 671 2475; x_wconf 88' lang='lat' dir='ltr'>temptasset;</span> <span class='ocrx_word' id='word_1_195' title='bbox 697 2414 781 2475; x_wconf 89' lang='lat' dir='ltr'>quam</span> <span class='ocrx_word' id='word_1_196' title='bbox 802 2398 997 2475; x_wconf 91' lang='lat' dir='ltr'>suspicionem</span> <span class='ocrx_word' id='word_1_197' title='bbox 1020 2399 1109 2474; x_wconf 84' lang='lat' dir='ltr'>auxit,</span> 
     </span>
     <span class='ocr_line' id='line_1_27' title="bbox 111 2479 1110 2561; baseline 0 -21"><span class='ocrx_word' id='word_1_198' title='bbox 111 2489 269 2561; x_wconf 88' lang='lat' dir='ltr'>postquam</span> <span class='ocrx_word' id='word_1_199' title='bbox 281 2479 485 2541; x_wconf 84' lang='lat' dir='ltr'>Alexandriam</span> <span class='ocrx_word' id='word_1_200' title='bbox 498 2491 601 2559; x_wconf 88' lang='lat' dir='ltr'>petens</span> <span class='ocrx_word' id='word_1_201' title='bbox 613 2483 641 2540; x_wconf 91' lang='lat' dir='ltr'>in</span> <span class='ocrx_word' id='word_1_202' title='bbox 657 2479 857 2540; x_wconf 91' lang='lat' dir='ltr'>consecrando</span> <span class='ocrx_word' id='word_1_203' title='bbox 871 2481 946 2559; x_wconf 93' lang='lat' dir='ltr'>apud</span> <span class='ocrx_word' id='word_1_204' title='bbox 953 2481 1110 2561; x_wconf 85' lang='lat' dir='ltr'>Memphim</span> 
     </span>
     <span class='ocr_line' id='line_1_28' title="bbox 110 2563 1109 2644; baseline -0.001 -19"><span class='ocrx_word' id='word_1_205' title='bbox 110 2564 193 2626; x_wconf 87' lang='lat' dir='ltr'>hove</span> <span class='ocrx_word' id='word_1_206' title='bbox 206 2564 303 2642; x_wconf 82' lang='lat' dir='ltr'>Apide</span> <span class='ocrx_word' id='word_1_207' title='bbox 320 2563 448 2624; x_wconf 94' lang='lat' dir='ltr'>diadema</span> <span class='ocrx_word' id='word_1_208' title='bbox 469 2567 611 2642; x_wconf 89' lang='lat' dir='ltr'>gestavit,</span> <span class='ocrx_word' id='word_1_209' title='bbox 634 2564 669 2624; x_wconf 89' lang='lat' dir='ltr'>de</span> <span class='ocrx_word' id='word_1_210' title='bbox 685 2582 766 2624; x_wconf 91' lang='lat' dir='ltr'>more</span> <span class='ocrx_word' id='word_1_211' title='bbox 783 2564 898 2643; x_wconf 91' lang='lat' dir='ltr'>quidem</span> <span class='ocrx_word' id='word_1_212' title='bbox 914 2568 1030 2644; x_wconf 86' lang='lat' dir='ltr'>rituque</span> <span class='ocrx_word' id='word_1_213' title='bbox 1052 2566 1109 2644; x_wconf 93' lang='lat' dir='ltr'>pri·</span> 
     </span>
     <span class='ocr_line' id='line_1_29' title="bbox 111 2647 1111 2728; baseline -0.001 -17"><span class='ocrx_word' id='word_1_214' title='bbox 111 2666 185 2711; x_wconf 85' lang='lat' dir='ltr'>suae</span> <span class='ocrx_word' id='word_1_215' title='bbox 200 2648 366 2725; x_wconf 88' lang='lat' dir='ltr'>religionis;</span> <span class='ocrx_word' id='word_1_216' title='bbox 384 2647 436 2707; x_wconf 92' lang='lat' dir='ltr'>sed</span> <span class='ocrx_word' id='word_1_217' title='bbox 451 2666 509 2707; x_wconf 92' lang='lat' dir='ltr'>non</span> <span class='ocrx_word' id='word_1_218' title='bbox 521 2648 640 2708; x_wconf 90' lang='lat' dir='ltr'>deerant</span> <span class='ocrx_word' id='word_1_219' title='bbox 652 2651 699 2726; x_wconf 93' lang='lat' dir='ltr'>qui</span> <span class='ocrx_word' id='word_1_220' title='bbox 713 2651 829 2727; x_wconf 92' lang='lat' dir='ltr'>sequius</span> <span class='ocrx_word' id='word_1_221' title='bbox 842 2650 1111 2728; x_wconf 84' lang='lat' dir='ltr'>interpretarentur.</span> 
     </span>
     <span class='ocr_line' id='line_1_30' title="bbox 86 2730 1110 2810; baseline 0 -19"><span class='ocrx_word' id='word_1_222' title='bbox 86 2754 96 2791; x_wconf 81' lang='grc' dir='ltr'>ι</span> <span class='ocrx_word' id='word_1_223' title='bbox 115 2732 213 2808; x_wconf 83' lang='lat' dir='ltr'>Quare</span> <span class='ocrx_word' id='word_1_224' title='bbox 232 2731 371 2792; x_wconf 81' lang='lat' dir='ltr'>festinans</span> <span class='ocrx_word' id='word_1_225' title='bbox 392 2733 421 2791; x_wconf 91' lang='lat' dir='ltr'>in</span> <span class='ocrx_word' id='word_1_226' title='bbox 435 2730 556 2808; x_wconf 89' lang='lat' dir='ltr'>ltaliam,</span> <span class='ocrx_word' id='word_1_227' title='bbox 571 2751 634 2792; x_wconf 90' lang='lat' dir='ltr'>cum</span> <span class='ocrx_word' id='word_1_228' title='bbox 647 2733 781 2810; x_wconf 86' lang='lat' dir='ltr'>Regium,</span> <span class='ocrx_word' id='word_1_229' title='bbox 799 2733 864 2793; x_wconf 92' lang='lat' dir='ltr'>dein</span> <span class='ocrx_word' id='word_1_230' title='bbox 881 2733 1019 2794; x_wconf 91' lang='lat' dir='ltr'>Puteolos</span> <span class='ocrx_word' id='word_1_231' title='bbox 1042 2750 1110 2792; x_wconf 92' lang='lat' dir='ltr'>one·</span> 
     </span>
     <span class='ocr_line' id='line_1_31' title="bbox 86 2812 1111 2895; baseline 0.005 -24"><span class='ocrx_word' id='word_1_232' title='bbox 86 2812 190 2877; x_wconf 76' lang='lat' dir='ltr'>horaria</span> <span class='ocrx_word' id='word_1_233' title='bbox 205 2833 281 2875; x_wconf 90' lang='lat' dir='ltr'>nave</span> <span class='ocrx_word' id='word_1_234' title='bbox 295 2816 465 2895; x_wconf 88' lang='lat' dir='ltr'>appulisset,</span> <span class='ocrx_word' id='word_1_235' title='bbox 484 2816 603 2876; x_wconf 86' lang='lat' dir='ltr'>Romam</span> <span class='ocrx_word' id='word_1_236' title='bbox 621 2816 686 2876; x_wconf 92' lang='lat' dir='ltr'>inde</span> <span class='ocrx_word' id='word_1_237' title='bbox 708 2816 855 2876; x_wconf 89' lang='lat' dir='ltr'>contendit</span> <span class='ocrx_word' id='word_1_238' title='bbox 879 2816 1111 2895; x_wconf 86' lang='lat' dir='ltr'>expeditissimus</span> 
     </span>
     <span class='ocr_line' id='line_1_32' title="bbox 86 2899 1109 2978; baseline 0.001 -21"><span class='ocrx_word' id='word_1_239' title='bbox 86 2902 93 2957; x_wconf 77' lang='grc' dir='ltr'>ἵ.</span> <span class='ocrx_word' id='word_1_240' title='bbox 115 2901 334 2978; x_wconf 89' lang='lat' dir='ltr'>inopinantique</span> <span class='ocrx_word' id='word_1_241' title='bbox 350 2900 440 2978; x_wconf 89' lang='lat' dir='ltr'>patri,</span> <span class='ocrx_word' id='word_1_242' title='bbox 457 2900 536 2959; x_wconf 88' lang='lat' dir='ltr'>velut</span> <span class='ocrx_word' id='word_1_243' title='bbox 551 2919 677 2977; x_wconf 91' lang='lat' dir='ltr'>arguens</span> <span class='ocrx_word' id='word_1_244' title='bbox 691 2917 834 2959; x_wconf 92' lang='lat' dir='ltr'>rumorum</span> <span class='ocrx_word' id='word_1_245' title='bbox 855 2899 891 2960; x_wconf 93' lang='lat' dir='ltr'>de</span> <span class='ocrx_word' id='word_1_246' title='bbox 912 2919 945 2959; x_wconf 92' lang='lat' dir='ltr'>se</span> <span class='ocrx_word' id='word_1_247' title='bbox 965 2901 1109 2959; x_wconf 89' lang='lat' dir='ltr'>temerita-</span> 
     </span>
     <span class='ocr_line' id='line_1_33' title="bbox 86 2981 1110 3063; baseline -0.001 -20"><span class='ocrx_word' id='word_1_248' title='bbox 86 2990 89 3059; x_wconf 75' lang='lat' dir='ltr'><strong>j</strong></span> <span class='ocrx_word' id='word_1_249' title='bbox 115 2992 182 3059; x_wconf 90' lang='lat' dir='ltr'>tem,</span> <span class='ocrx_word' id='word_1_250' title='bbox 207 2981 282 3043; x_wconf 82' lang='lat' dir='ltr'>Veni</span> <span class='ocrx_word' id='word_1_251' title='bbox 297 2985 395 3061; x_wconf 90' lang='lat' dir='ltr'>inquit,</span> <span class='ocrx_word' id='word_1_252' title='bbox 409 2990 513 3061; x_wconf 84' lang='lat' dir='ltr'>pater,</span> <span class='ocrx_word' id='word_1_253' title='bbox 531 2985 609 3044; x_wconf 81' lang='lat' dir='ltr'>oeni.</span> <span class='ocrx_word' id='word_1_254' title='bbox 640 2984 742 3063; x_wconf 90' lang='lat' dir='ltr'>Neque</span> <span class='ocrx_word' id='word_1_255' title='bbox 759 3003 797 3043; x_wconf 87' lang='lat' dir='ltr'>ex</span> <span class='ocrx_word' id='word_1_256' title='bbox 812 3001 848 3043; x_wconf 92' lang='lat' dir='ltr'>eo</span> <span class='ocrx_word' id='word_1_257' title='bbox 865 2983 975 3043; x_wconf 90' lang='lat' dir='ltr'>destitit</span> <span class='ocrx_word' id='word_1_258' title='bbox 995 2983 1110 3062; x_wconf 92' lang='lat' dir='ltr'>partici-</span> 
     </span>
     <span class='ocr_line' id='line_1_34' title="bbox 86 3069 778 3147; baseline -0.004 -19"><span class='ocrx_word' id='word_1_259' title='bbox 86 3090 93 3119; x_wconf 73' lang='grc' dir='ltr'>ε·</span> <span class='ocrx_word' id='word_1_260' title='bbox 115 3085 182 3146; x_wconf 93' lang='lat' dir='ltr'>pem</span> <span class='ocrx_word' id='word_1_261' title='bbox 201 3076 288 3145; x_wconf 89' lang='lat' dir='ltr'>atque</span> <span class='ocrx_word' id='word_1_262' title='bbox 304 3069 387 3127; x_wconf 92' lang='lat' dir='ltr'>etiam</span> <span class='ocrx_word' id='word_1_263' title='bbox 402 3076 527 3127; x_wconf 90' lang='lat' dir='ltr'>tutorem</span> <span class='ocrx_word' id='word_1_264' title='bbox 545 3069 657 3147; x_wconf 91' lang='lat' dir='ltr'>imperii</span> <span class='ocrx_word' id='word_1_265' title='bbox 678 3086 778 3144; x_wconf 90' lang='lat' dir='ltr'>agere.</span> 
     </span>
    </p>

    <p class='ocr_par' dir='ltr' id='par_1_8' title="bbox 104 3149 1111 3566">
     <span class='ocr_line' id='line_1_35' title="bbox 177 3149 1110 3229; baseline -0.002 -18"><span class='ocrx_word' id='word_1_266' title='bbox 177 3150 377 3229; x_wconf 84' lang='lat' dir='ltr'>Triumphauit</span> <span class='ocrx_word' id='word_1_267' title='bbox 393 3169 457 3210; x_wconf 87' lang='lat' dir='ltr'>curn</span> <span class='ocrx_word' id='word_1_268' title='bbox 476 3161 559 3229; x_wconf 91' lang='lat' dir='ltr'>patre</span> <span class='ocrx_word' id='word_1_269' title='bbox 581 3169 790 3229; x_wconf 91' lang='lat' dir='ltr'>censuramque</span> <span class='ocrx_word' id='word_1_270' title='bbox 810 3152 904 3227; x_wconf 87' lang='lat' dir='ltr'>gessit</span> <span class='ocrx_word' id='word_1_271' title='bbox 922 3168 994 3226; x_wconf 93' lang='lat' dir='ltr'>una,</span> <span class='ocrx_word' id='word_1_272' title='bbox 1018 3149 1110 3210; x_wconf 89' lang='lat' dir='ltr'>eidem</span> 
     </span>
     <span class='ocr_line' id='line_1_36' title="bbox 113 3233 1111 3315; baseline -0.002 -19"><span class='ocrx_word' id='word_1_273' title='bbox 113 3236 235 3312; x_wconf 92' lang='lat' dir='ltr'>collega</span> <span class='ocrx_word' id='word_1_274' title='bbox 250 3244 279 3294; x_wconf 93' lang='lat' dir='ltr'>et</span> <span class='ocrx_word' id='word_1_275' title='bbox 295 3236 323 3294; x_wconf 92' lang='lat' dir='ltr'>in</span> <span class='ocrx_word' id='word_1_276' title='bbox 344 3235 495 3294; x_wconf 87' lang='lat' dir='ltr'>tribunicia</span> <span class='ocrx_word' id='word_1_277' title='bbox 516 3245 661 3315; x_wconf 91' lang='lat' dir='ltr'>potestate</span> <span class='ocrx_word' id='word_1_278' title='bbox 682 3244 712 3294; x_wconf 92' lang='lat' dir='ltr'>et</span> <span class='ocrx_word' id='word_1_279' title='bbox 731 3235 760 3293; x_wconf 92' lang='lat' dir='ltr'>in</span> <span class='ocrx_word' id='word_1_280' title='bbox 780 3243 892 3312; x_wconf 89' lang='lat' dir='ltr'>septem</span> <span class='ocrx_word' id='word_1_281' title='bbox 916 3233 1111 3294; x_wconf 88' lang='lat' dir='ltr'>consulatibus</span> 
     </span>
     <span class='ocr_line' id='line_1_37' title="bbox 109 3317 1111 3399; baseline -0.005 -17"><span class='ocrx_word' id='word_1_282' title='bbox 109 3321 183 3387; x_wconf 87' lang='lat' dir='ltr'>fuit;</span> <span class='ocrx_word' id='word_1_283' title='bbox 200 3327 379 3398; x_wconf 88' lang='lat' dir='ltr'>receptaque</span> <span class='ocrx_word' id='word_1_284' title='bbox 397 3318 481 3379; x_wconf 89' lang='lat' dir='ltr'>adse</span> <span class='ocrx_word' id='word_1_285' title='bbox 499 3337 593 3399; x_wconf 92' lang='lat' dir='ltr'>prope</span> <span class='ocrx_word' id='word_1_286' title='bbox 613 3319 736 3379; x_wconf 91' lang='lat' dir='ltr'>omnium</span> <span class='ocrx_word' id='word_1_287' title='bbox 756 3317 918 3377; x_wconf 88' lang='lat' dir='ltr'>officiorum</span> <span class='ocrx_word' id='word_1_288' title='bbox 941 3335 1008 3378; x_wconf 91' lang='lat' dir='ltr'>cura</span> <span class='ocrx_word' id='word_1_289' title='bbox 1030 3319 1111 3396; x_wconf 91' lang='lat' dir='ltr'>(cum</span> 
     </span>
     <span class='ocr_line' id='line_1_38' title="bbox 108 3401 1110 3484; baseline -0.005 -19"><span class='ocrx_word' id='word_1_290' title='bbox 108 3404 207 3484; x_wconf 92' lang='lat' dir='ltr'>patris</span> <span class='ocrx_word' id='word_1_291' title='bbox 223 3404 339 3463; x_wconf 91' lang='lat' dir='ltr'>nomine</span> <span class='ocrx_word' id='word_1_292' title='bbox 356 3411 385 3462; x_wconf 90' lang='lat' dir='ltr'>et</span> <span class='ocrx_word' id='word_1_293' title='bbox 401 3404 541 3482; x_wconf 90' lang='lat' dir='ltr'>epistolas</span> <span class='ocrx_word' id='word_1_294' title='bbox 556 3407 620 3483; x_wconf 95' lang='lat' dir='ltr'>ipse</span> <span class='ocrx_word' id='word_1_295' title='bbox 637 3402 759 3463; x_wconf 90' lang='lat' dir='ltr'>dictaret</span> <span class='ocrx_word' id='word_1_296' title='bbox 774 3411 804 3461; x_wconf 92' lang='lat' dir='ltr'>et</span> <span class='ocrx_word' id='word_1_297' title='bbox 827 3402 922 3462; x_wconf 88' lang='lat' dir='ltr'>edicta</span> <span class='ocrx_word' id='word_1_298' title='bbox 944 3401 1110 3461; x_wconf 89' lang='lat' dir='ltr'>conscribe·</span> 
     </span>
     <span class='ocr_line' id='line_1_39' title="bbox 104 3485 1109 3566; baseline -0.005 -16"><span class='ocrx_word' id='word_1_299' title='bbox 104 3496 158 3550; x_wconf 80' lang='lat' dir='ltr'>ter</span> <span class='ocrx_word' id='word_1_300' title='bbox 179 3488 387 3566; x_wconf 90' lang='lat' dir='ltr'>orationesque</span> <span class='ocrx_word' id='word_1_301' title='bbox 407 3489 435 3546; x_wconf 92' lang='lat' dir='ltr'>in</span> <span class='ocrx_word' id='word_1_302' title='bbox 458 3497 558 3548; x_wconf 90' lang='lat' dir='ltr'>senatu</span> <span class='ocrx_word' id='word_1_303' title='bbox 580 3487 717 3547; x_wconf 87' lang='lat' dir='ltr'>recitaret</span> <span class='ocrx_word' id='word_1_304' title='bbox 739 3486 823 3545; x_wconf 89' lang='lat' dir='ltr'>etiam</span> <span class='ocrx_word' id='word_1_305' title='bbox 846 3487 1009 3565; x_wconf 91' lang='lat' dir='ltr'>quaestoris</span> <span class='ocrx_word' id='word_1_306' title='bbox 1028 3485 1109 3562; x_wconf 85' lang='lat' dir='ltr'>vice)</span> 
     </span>
    </p>
   </div>
   <div class='ocr_carea' id='block_1_3' title="bbox 0 0 1135 3930">
    <p class='ocr_par' dir='ltr' id='par_1_9' title="bbox 0 0 1135 3930">
     <span class='ocr_line' id='line_1_40' title="bbox 0 0 1135 3930; baseline 0 0"><span class='ocrx_word' id='word_1_307' title='bbox 0 0 1135 3930; x_wconf 95' lang='lat' dir='ltr'> </span> 
     </span>
    </p>
   </div>
  </div>
 </body>
</html>
