2286 3944
387 237 593 285 PRAEFATIO.
897 241 936 287 xl

89 392 121 469 2)
138 396 277 469 praelatio
290 397 323 452 ad
335 395 364 452 0.
378 395 531 468 Septicium
544 395 652 452 Clarum
664 398 835 470 praefectum
850 415 918 470 prae

25 479 101 536 torio
119 481 165 538 rel
186 480 356 552 praelectum
376 479 614 551 praetorianarum
635 482 805 550 cohortium,
828 482 856 536 in
879 498 932 553 qua

25 565 61 619 de
76 563 201 619 consilio
217 578 268 619 suo
283 563 448 635 scriptorem
464 562 595 618 docuisse
615 565 743 637 suspicor
757 581 827 636 quae
843 565 932 621 lecto-

25 663 87 702 rum
104 646 180 703 scire
195 647 335 702 intererat.

91 725 124 802 3)
153 728 300 786 Caesarum
329 729 435 800 gentile
461 735 590 800 stemma,
619 723 729 803 στέμμα
758 741 931 805 συγγενικον

27 801 189 883 Καισάρων
206 810 261 886 (uti
277 813 408 884 scriptum
425 811 513 867 luisse
530 814 652 871 iudicavi
665 832 692 887 p.
709 819 776 883 283,
797 821 815 874 8
830 822 858 869 et
871 821 932 886 287,

25 903 61 954 25
79 897 123 952 vel
140 914 154 952 a
171 896 255 952 Suida
269 897 314 952 vel
331 897 435 952 Suidae
451 895 592 971 auctore).
635 897 797 953 Desiderari
817 915 831 953 a
846 898 932 954 lecto·

26 980 108 1035 ribus
132 981 214 1035 talem
238 980 351 1050 generis
377 979 525 1035 Caesarum
552 981 783 1052 descriptionem,
807 981 933 1052 vulgaria

27 1064 155 1134 exempla
178 1063 305 1119 Suetonii
327 1064 492 1118 documento
518 1070 580 1119 sunt
605 1065 760 1119 eiusmodi
782 1065 933 1121 stemmatis

27 1152 172 1202 instructa.
216 1146 312 1217 Neque
331 1147 479 1216 ignorasse
494 1152 606 1202 veteres
621 1148 650 1203 id
669 1147 832 1218 artificium,
852 1149 932 1203 testis

27 1236 72 1287 est
86 1229 261 1300 Tranquillus
278 1229 340 1300 ipse
357 1246 383 1301 p.
400 1236 463 1293 188.
480 1235 506 1289 8.

88 1309 120 1386 4)
137 1313 211 1369 Libri
223 1313 315 1384 primi,
334 1312 381 1384 qui
396 1314 431 1368 de
443 1313 513 1368 Divo
524 1313 596 1369 Iulio
612 1319 664 1384 ast,
680 1313 796 1369 initium.
828 1313 932 1369 Neces-

27 1397 106 1454 sario
123 1397 195 1452 enim
213 1396 405 1466 Tranquillus,
428 1413 508 1469 quem
529 1398 563 1452 ad
582 1398 690 1452 niodum
711 1396 738 1451 in
757 1398 874 1468 reliquis
889 1397 932 1453 vi-

27 1480 183 1536 disfacere
206 1479 367 1548 consuevit,
390 1480 424 1534 de
447 1480 534 1535 Iuliae
555 1480 676 1536 familiae
699 1480 809 1551 origine
824 1480 931 1536 Albana

27 1579 62 1619 ac
82 1563 200 1618 'lroiann
227 1563 405 1634 eiusdemque
430 1564 625 1633 incrementis,
653 1569 708 1618 turn
728 1565 762 1620 de
784 1564 931 1619 Caesarum

26 1646 139 1702 nomine
162 1652 190 1701 et
213 1663 334 1716 genere,
359 1653 500 1718 postremo
524 1647 559 1702 de
585 1647 674 1719 ipsius
701 1647 763 1703 Divi
783 1647 846 1702 Iulii
869 1652 931 1702 ortu

26 1732 193 1800 futuraeque
210 1729 405 1799 magnitudinis
425 1730 530 1801 signis,
545 1731 580 1786 de
594 1730 697 1802 puerili
712 1730 887 1786 institutione
904 1737 933 1785 et

24 1811 170 1882 magistris
187 1819 364 1884 exposuerat.
396 1813 463 1868 Inde
481 1830 631 1885 superesse
647 1813 769 1869 arbitror
784 1810 931 1869 frustulum

24 1916 53 1970 p.
71 1901 134 1964 286,
149 1902 166 1955 9
180 1896 312 1964 relatum,
335 1897 408 1966 quod
422 1913 569 1968 perperam
585 1897 775 1952 Broulrhusius
792 1913 828 1952 ex
841 1915 868 1967 p.
886 1901 930 1966 79,

23 1988 71 2049 35,
88 1977 268 2034 Gasaubonus
289 1979 360 2034 adeo
384 1995 419 2033 ex
440 1996 469 2050 p.
485 1986 553 2048 226,
572 1986 697 2038 31-—33
712 1980 866 2034 derivatum
880 1995 930 2035 vo·

22 2066 126 2119 luerat.
159 2063 199 2116 De
215 2061 364 2117 Caesarum
377 2061 488 2116 nomine
502 2062 664 2132 Spartianus
680 2077 789 2130 quoque
806 2062 835 2115 in
849 2061 931 2116 Aelio

16 2148 104 2202 Vero
121 2160 182 2216 cap.
198 2151 215 2201 2
232 2150 261 2198 et
276 2143 392 2198 Servius
410 2144 445 2199 ad
460 2145 546 2215 Verg.
563 2143 634 2198 Aen.
653 2151 685 2212 1,
700 2149 752 2202 286
773 2143 932 2213 Tranquillo

15 2235 144 2287 auctore
159 2228 202 2284 usi
218 2243 283 2282 esse
298 2226 436 2283 videntur.
480 2228 521 2282 De
535 2226 672 2297 magistro
689 2226 751 2298 ipse
767 2225 932 2280 mentionem

14 2312 97 2370 feeit
111 2328 138 2382 p.
156 2317 223 2380 260,
239 2317 281 2369 15.

87 2393 185 2451 Omnia
205 2396 275 2449 haec
296 2410 366 2464 quae
388 2395 470 2450 modo
492 2393 710 2450 enumeravimus
733 2393 929 2466 complectenti

12 2478 113 2538 tacile
123 2477 265 2533 videbitur
279 2477 389 2548 integer
406 2479 552 2548 quaternio
566 2477 712 2549 deperisse
725 2477 784 2533 eius
800 2477 930 2550 exempli,

10 2563 101 2622 unde
116 2569 211 2616 nostra
226 2560 316 2616 omnia
329 2568 483 2633 propagata
500 2557 575 2617 sunt(
601 2562 683 2616 Facta
700 2577 764 2616 esse
780 2577 813 2614 ea
825 2560 930 2616 iactura

10 2647 111 2705 debet
129 2651 193 2715 post
207 2644 309 2713 lydum
325 2644 371 2714 qui
388 2645 502 2700 saeculo
517 2646 552 2699 Vl
568 2644 659 2699 medio
675 2643 805 2715 scripsit,
824 2649 852 2697 et
868 2649 930 2699 ante
1038 2694 1040 2700 ,

10 2730 60 2788 IX
79 2728 289 2797 saeculumque
306 2728 481 2783 Memmianus
504 2729 576 2782 liber
597 2727 793 2799 scriptumst,
814 2726 931 2782 omnium

10 2821 49 2870 ut
69 2812 270 2880 integerrimus
291 2811 329 2866 ita
353 2817 381 2865 et
401 2812 622 2880 vetustissimus,
642 2811 692 2866 sed
714 2810 806 2882 capite
822 2816 850 2864 et
868 2810 931 2882 ipsa

10 2899 170 2953 truncatus
186 2900 214 2948 et
235 2901 371 2964 tamquam
388 2911 433 2949 res
454 2894 530 2950 salva
552 2900 645 2964 esset,
664 2894 815 2949 maiuscula
837 2893 931 2947 littera

10 2976 131 3036 r'nitiali
146 2982 173 3030 et
186 2976 327 3033 versiculo
343 2977 485 3033 rubricato
501 2984 625 3032 ornatus.

86 3059 393 3116 DistribuitSuetonius
405 3076 475 3131 opus
488 3061 522 3115 de
531 3059 679 3116 Caesarum
689 3059 747 3115 vita
762 3059 796 3113 in
813 3058 909 3113 libro
918 3074 931 3112 s
940 3062 1078 3154 fiffi‘ffi

10 3151 128 3207 octo;
151 3150 228 3199 certe
243 3145 316 3199 nulla
333 3144 443 3199 videtur
460 3159 523 3198 csse
539 3143 640 3198 idonea
658 3158 759 3211 causa,
778 3157 827 3197 cur
841 3139 931 3196 veteri
1076 3139 1081 3155 ¹

10 3227 188 3286 testimonio
211 3244 237 3299 p.
254 3233 321 3295 283,
345 3227 456 3286 Slidem
473 3227 650 3297 derogemus.
695 3225 838 3280 librorum
861 3223 931 3277 enim

10 3309 259 3370 Suetonianorum
280 3314 332 3367 lrac
356 3310 384 3365 in
409 3327 439 3364 re
461 3308 535 3364 nulla
562 3308 714 3364 auctoritas
739 3323 803 3362 esse
827 3312 930 3378 potest,

10 3400 175 3468 postquam
188 3394 268 3450 titulo
286 3411 339 3449 una
358 3409 418 3448 cum
432 3392 571 3464 principio
593 3391 687 3464 operis
703 3390 848 3463 deperdito
867 3390 928 3462 ipsa

10 3489 139 3553 quoque
163 3477 316 3551 descriptio
338 3475 484 3533 obscurari
500 3481 599 3549 coepta
618 3482 669 3531 est.
711 3475 807 3546 ltaque
829 3474 929 3530 lactum
1015 3518 1019 3521 .
