2286 3944
381 250 744 300 nivusvnsrnsmuus.
997 241 1058 302 227

10 410 17 461 i
61 413 127 466 ctus
143 413 204 480 est,
221 413 250 463 nt
266 413 294 463 et
309 405 464 465 industriae
482 417 623 484 expertae
639 413 693 466 neo
710 408 879 467 metuendus
895 409 953 467 ullo
970 409 1056 469 modo

10 568 13 575 Ι
61 488 101 549 ob
119 488 306 548 bumilitatem
320 490 439 566 generis
455 508 489 549 ac
504 492 636 549 nominis.
682 492 795 551 Additis
807 494 893 569 igitur
906 492 941 551 ad
955 495 1056 571 copias

60 571 172 633 duabus
187 572 361 649 legionibus,
380 581 447 632 octo
464 574 527 650 alis,
548 574 717 635 cohortibus
740 576 855 652 decem,
877 585 962 654 atque
983 578 1057 636 inter

10 662 24 797 'p
59 657 179 734 legatos
193 657 302 715 maiore
318 657 376 716 lilio
393 667 552 735 assumpto,
568 667 598 716 ut
615 660 734 736 primum
752 662 930 736 provinciam
954 661 1056 737 attigit,

10 802 13 807 ,
37 741 210 820 ιριοιιίιιιιι
226 757 342 818 quoque
362 743 505 800 convertit
520 743 548 799 in
563 760 612 817 se,
636 752 768 801 correcta
788 744 880 802 statim
897 752 1056 803 castrorum

10 816 18 865 ἶ
60 823 224 903 disciplina,
243 841 358 903 unoque
374 833 402 883 et
417 825 510 884 altero
528 825 644 902 proelio
664 835 719 884 tam
737 835 903 886 constanter
918 828 1005 902 inito,
1027 837 1058 886 ut

10 922 16 1001 ',
58 910 89 968 in
106 908 325 986 oppugnatione
342 907 455 968 castelli
477 909 581 987 lapidis
603 911 691 968 ictum
712 928 805 986 genu,
831 919 913 968 scuto
937 912 1056 986 sagittas

10 1014 17 1059 ³,
59 991 173 1070 aliquot
191 993 352 1069 exceperit.

122 1076 194 1136 Post
210 1075 359 1134 Neronem
377 1075 565 1154 Galbamque,
583 1075 695 1135 Othone
713 1095 746 1135 ac
763 1077 882 1136 Vitellio
900 1077 935 1135 de
951 1079 1088 1155 princi-5

10 1088 129 1293 'reputo
147 1158 334 1234 certantibus,
353 1161 381 1218 in
397 1178 479 1237 spem
494 1160 607 1238 imperii
623 1163 714 1237 venit,
738 1161 916 1239 iampridem
933 1161 987 1219 sibi
1003 1179 1056 1238 per

10 1296 20 1357 ὖ
40 1242 136 1304 'haec
153 1251 267 1304 ostenta
285 1253 467 1321 conceptam.

10 1364 16 1421 ·,
119 1326 152 1387 ln
169 1326 334 1387 suburbano
349 1325 514 1386 Flauiorum
531 1345 656 1405 quercus
673 1329 797 1405 antiqua,
812 1347 885 1406 quae
899 1338 960 1386 erat
972 1328 1055 1387 llarti

58 1430 153 1488 sacra,
171 1429 224 1490 per
240 1419 300 1470 tres
317 1412 481 1489 Vespasiae
497 1419 609 1488 partus,
633 1412 764 1487 singulos
785 1421 908 1490 repente
926 1430 1021 1470 ramos
1039 1430 1054 1471 a

57 1495 164 1556 irutice
180 1494 268 1572 dedit,
285 1493 360 1555 baud
376 1495 461 1554 dubia
477 1497 559 1571 signa
575 1495 660 1553 futuri
684 1497 822 1573 cuiusque
843 1497 907 1554 lati:
935 1498 1054 1573 primum

10 1560 166 1644 duexilem
185 1587 214 1637 et
229 1579 286 1639 cito
303 1579 475 1655 arefactum,
493 1578 633 1658 (ideoque
650 1579 746 1657 puella
762 1590 826 1639 nata
841 1596 898 1638 non
914 1598 1053 1658 perarma·

10 1666 16 1741 ζ
56 1663 114 1742 vit)
132 1662 288 1722 secundum
305 1662 501 1740 praevalidum
517 1681 551 1721 ac
568 1662 711 1740 prolixum
734 1672 762 1721 et
779 1665 825 1741 qui
841 1682 972 1740 magnam
991 1664 1053 1722 leli·

10 1766 12 1771 ·
58 1749 176 1807 citatem
191 1746 390 1824 portenderet,
407 1748 520 1806 tertium
536 1764 608 1805 vero
626 1747 715 1805 instar
732 1745 853 1806 arboris.
892 1748 987 1822 Quare
1004 1765 1053 1824 pa·

55 1840 130 1892 trenr
146 1830 282 1890 Sabinum
297 1831 402 1904 ierunt,
418 1830 583 1908 haruspicio
600 1831 716 1908 insuper
729 1833 935 1907 confirmatum,
950 1849 1053 1888 renun-

10 1914 23 2045 q
56 1917 146 1976 tiasse
163 1915 255 1992 matri,
271 1923 408 1992 nepotem
425 1916 451 1973 ei
467 1913 619 1974 Caesarem
637 1915 778 1990 genitum;
798 1933 853 1973 nec
876 1915 950 1973 illam
974 1915 1052 1991 quic·

10 2017 142 2079 racquam
165 1997 243 2058 aliud
264 2016 346 2077 quam
370 1998 574 2074 cachinnasse,
597 2000 761 2073 mirantem,
792 1998 875 2076 qood
898 1996 1000 2056 adhuc
1019 2014 1054 2056 se

10 2080 17 2163 i
56 2083 166 2144 mentis
183 2088 324 2160 compote
339 2081 488 2142 deliraret
502 2083 564 2141 iom
579 2082 663 2159 filios
677 2099 761 2140 surus.

10 2170 12 2205 ⁵
120 2166 209 2242 idox,
232 2185 294 2226 cum
317 2165 439 2226 aedilem
464 2185 527 2225 eum
551 2165 583 2225 C.
608 2165 731 2240 Caesar,
756 2182 933 2222 succensens
956 2181 1053 2222 curam

56 2250 209 2312 verrendis
225 2251 279 2310 viis
298 2267 355 2309 non
370 2249 534 2326 adhibitam,
554 2250 614 2308 luto
632 2249 766 2307 iussisset
781 2248 896 2326 oppleri
910 2257 1052 2322 congesto

10 2392 12 2397 .
55 2354 111 2416 per
124 2334 232 2394 milites
248 2335 276 2393 in
295 2343 467 2412 praetextae
486 2336 586 2409 sinum,
604 2351 661 2391 non
677 2331 829 2391 defuerunt
847 2331 894 2409 qui
910 2331 1052 2409 interpre-

10 2406 202 2494 iocarentur,
225 2417 396 2496 quandoque
421 2418 616 2496 proculcatam
633 2416 834 2494 desertamque
848 2434 909 2474 rem
930 2435 959 2494 p.
976 2414 1052 2474 civili

56 2503 152 2582 aliqua
169 2501 386 2579 perturbatione
402 2503 430 2560 in
447 2501 564 2560 tutelam
580 2502 641 2559 eius
657 2519 690 2558 ac
710 2500 830 2559 velutin
847 2502 985 2576 gremium
1003 2499 1050 2558 de·

55 2596 215 2647 venturam.
298 2580 301 2585 ’

116 2669 277 2730 Prandente
294 2687 329 2729 eo
349 2668 508 2747 quondam,
531 2669 610 2727 canis
626 2670 767 2728 extrarius
793 2686 808 2726 e
829 2669 914 2727 trivio
939 2685 1050 2725 manum

54 2753 205 2813 humanam
219 2753 310 2812 intulit
325 2770 501 2830 mensaeque
525 2751 655 2811 subiecit.
696 2752 840 2812 Caenante
862 2769 976 2825 rursus,
997 2749 1051 2810 bos

10 2840 156 2900 'carator
176 2837 300 2897 decusso
320 2839 389 2914 iugo
408 2836 561 2895 triclinium
584 2837 701 2913 irrupit,
729 2854 763 2894 ac
784 2835 890 2911 iugatis
916 2834 1051 2892 ministris

55 2923 137 3001 quasi
154 2930 276 3000 repente
292 2920 426 2980 defessus
442 2919 568 2998 procidit
583 2919 618 2978 ad
640 2922 722 2997 ipsos
739 2917 935 2977 accumbentis
959 2917 1052 2995 pedes

54 3007 258 3084 cervicemque
283 3005 430 3064 summisit.
473 3003 571 3062 Arbor
597 3021 713 3081 quoque
742 3020 897 3079 cupressus
923 3002 951 3058 in
967 3017 1049 3077 agro

54 3092 131 3149 avito
150 3090 212 3148 sine
228 3088 286 3148 ulla
303 3090 330 3149 vi
342 3090 520 3166 tempestatis
535 3087 635 3146 evulsa
647 3087 781 3145 radicitus
795 3094 880 3162 atque
893 3093 1049 3162 prostrata,

53 3175 218 3251 insequenti
239 3172 284 3232 die
300 3171 419 3231 viridior
437 3190 471 3230 ac
486 3172 594 3231 lirmior
609 3171 778 3228 resurrexit.

24 3277 44 3315 u
114 3256 155 3316 At
170 3258 199 3316 in
214 3256 324 3317 Achaia
340 3256 501 3330 somniavit,
519 3257 626 3313 initium
643 3254 697 3311 sibi
715 3254 832 3329 suisque
845 3250 992 3310 felicitatis
1006 3250 1047 3309 iu·

52 3350 163 3416 turum,
183 3341 266 3400 simul
282 3359 316 3400 ac
332 3340 403 3399 dens
418 3339 526 3398 Neroni
549 3347 700 3415 exemptus
724 3346 816 3403 esset;
843 3335 997 3413 evenitque
1019 3344 1048 3393 ut

53 3425 187 3503 sequenti
204 3424 249 3484 die
266 3442 441 3504 progressus
456 3425 484 3481 in
506 3425 606 3483 atrium
622 3421 751 3480 medicus
773 3419 884 3479 dentem
904 3420 931 3478 ei
952 3427 1047 3478 osten-

60 3511 146 3586 teret,
165 3517 330 3587 tantumque
351 3507 427 3586 q110d
443 3517 615 3585 exemplum·
778 3588 839 3649 15*
