<?xml version="1.0" encoding="UTF-8"?>
<!DOCTYPE html PUBLIC "-//W3C//DTD XHTML 1.0 Transitional//EN"
    "http://www.w3.org/TR/xhtml1/DTD/xhtml1-transitional.dtd">
<html xmlns="http://www.w3.org/1999/xhtml" xml:lang="en" lang="en">
 <head>
  <title>
</title>
<meta http-equiv="Content-Type" content="text/html;charset=utf-8" />
  <meta name='ocr-system' content='tesseract 3.04.00' />
  <meta name='ocr-capabilities' content='ocr_page ocr_carea ocr_par ocr_line ocrx_word'/>
</head>
<body>
  <div class='ocr_page' id='page_1' title='image "./csuetonitranqui01suetgoog_0021.png"; bbox 0 0 2256 3930; ppageno 0'>
   <div class='ocr_carea' id='block_1_1' title="bbox 163 246 710 294">
    <p class='ocr_par' dir='ltr' id='par_1_1' title="bbox 163 246 710 294">
     <span class='ocr_line' id='line_1_1' title="bbox 163 246 710 294; baseline -0.007 0"><span class='ocrx_word' id='word_1_1' title='bbox 163 247 216 294; x_wconf 83' lang='lat' dir='ltr'>xtt</span> <span class='ocrx_word' id='word_1_2' title='bbox 504 246 710 294; x_wconf 78' lang='lat' dir='ltr'><strong>PRAEFATIO.</strong></span> 
     </span>
    </p>
   </div>
   <div class='ocr_carea' id='block_1_2' title="bbox 51 403 1112 3311">
    <p class='ocr_par' dir='ltr' id='par_1_2' title="bbox 148 403 1075 1227">
     <span class='ocr_line' id='line_1_2' title="bbox 165 403 1074 475; baseline 0.001 -14"><span class='ocrx_word' id='word_1_3' title='bbox 165 411 254 461; x_wconf 88' lang='lat' dir='ltr'>estut</span> <span class='ocrx_word' id='word_1_4' title='bbox 274 405 302 460; x_wconf 93' lang='lat' dir='ltr'>in</span> <span class='ocrx_word' id='word_1_5' title='bbox 323 403 515 475; x_wconf 88' lang='lat' dir='ltr'>antiquissimo</span> <span class='ocrx_word' id='word_1_6' title='bbox 532 405 695 462; x_wconf 88' lang='lat' dir='ltr'>llemmiano</span> <span class='ocrx_word' id='word_1_7' title='bbox 715 403 814 460; x_wconf 92' lang='lat' dir='ltr'>codice</span> <span class='ocrx_word' id='word_1_8' title='bbox 830 404 976 460; x_wconf 78' lang='lat' dir='ltr'>duodecim</span> <span class='ocrx_word' id='word_1_9' title='bbox 997 406 1074 462; x_wconf 79' lang='lat' dir='ltr'>vitae</span> 
     </span>
     <span class='ocr_line' id='line_1_3' title="bbox 165 487 1074 559; baseline 0.001 -15"><span class='ocrx_word' id='word_1_10' title='bbox 165 489 322 546; x_wconf 92' lang='lat' dir='ltr'>nominibus</span> <span class='ocrx_word' id='word_1_11' title='bbox 342 487 536 559; x_wconf 86' lang='lat' dir='ltr'>imperatorum</span> <span class='ocrx_word' id='word_1_12' title='bbox 552 488 790 559; x_wconf 75' lang='lat' dir='ltr'>distinguerentur</span> <span class='ocrx_word' id='word_1_13' title='bbox 809 504 921 556; x_wconf 90' lang='lat' dir='ltr'>omues,</span> <span class='ocrx_word' id='word_1_14' title='bbox 942 488 993 543; x_wconf 92' lang='lat' dir='ltr'>sed</span> <span class='ocrx_word' id='word_1_15' title='bbox 1016 505 1074 545; x_wconf 90' lang='lat' dir='ltr'>non</span> 
     </span>
     <span class='ocr_line' id='line_1_4' title="bbox 165 570 1074 643; baseline -0.001 -16"><span class='ocrx_word' id='word_1_16' title='bbox 165 573 237 628; x_wconf 88' lang='lat' dir='ltr'>ultra</span> <span class='ocrx_word' id='word_1_17' title='bbox 259 572 380 643; x_wconf 83' lang='lat' dir='ltr'>quinque</span> <span class='ocrx_word' id='word_1_18' title='bbox 399 572 502 642; x_wconf 91' lang='lat' dir='ltr'>primas</span> <span class='ocrx_word' id='word_1_19' title='bbox 523 572 585 628; x_wconf 88' lang='lat' dir='ltr'>Divi</span> <span class='ocrx_word' id='word_1_20' title='bbox 608 572 690 640; x_wconf 92' lang='lat' dir='ltr'>lulii,</span> <span class='ocrx_word' id='word_1_21' title='bbox 711 571 775 626; x_wconf 86' lang='lat' dir='ltr'>Divi</span> <span class='ocrx_word' id='word_1_22' title='bbox 792 570 930 643; x_wconf 78' lang='lat' dir='ltr'>Augusti,</span> <span class='ocrx_word' id='word_1_23' title='bbox 953 571 1074 642; x_wconf 88' lang='lat' dir='ltr'>Tiberii,</span> 
     </span>
     <span class='ocr_line' id='line_1_5' title="bbox 166 650 1075 729; baseline 0 -18"><span class='ocrx_word' id='word_1_24' title='bbox 166 655 193 711; x_wconf 83' lang='lat' dir='ltr'>G.</span> <span class='ocrx_word' id='word_1_25' title='bbox 214 650 407 729; x_wconf 59' lang='lat' dir='ltr'>Caliguleeij,</span> <span class='ocrx_word' id='word_1_26' title='bbox 433 654 496 710; x_wconf 85' lang='lat' dir='ltr'>Divi</span> <span class='ocrx_word' id='word_1_27' title='bbox 519 654 626 711; x_wconf 83' lang='lat' dir='ltr'>claudii</span> <span class='ocrx_word' id='word_1_28' title='bbox 649 655 722 710; x_wconf 87' lang='lat' dir='ltr'>vitas</span> <span class='ocrx_word' id='word_1_29' title='bbox 750 655 911 711; x_wconf 90' lang='lat' dir='ltr'>numerandi</span> <span class='ocrx_word' id='word_1_30' title='bbox 932 656 1075 711; x_wconf 79' lang='lat' dir='ltr'>vocabula</span> 
     </span>
     <span class='ocr_line' id='line_1_6' title="bbox 165 738 1073 810; baseline -0.001 -15"><span class='ocrx_word' id='word_1_31' title='bbox 165 745 344 796; x_wconf 81' lang='lat' dir='ltr'>servarentur</span> <span class='ocrx_word' id='word_1_32' title='bbox 364 738 461 794; x_wconf 96' lang='lat' dir='ltr'>liber</span> <span class='ocrx_word' id='word_1_33' title='bbox 476 739 624 810; x_wconf 92' lang='lat' dir='ltr'>primus,</span> <span class='ocrx_word' id='word_1_34' title='bbox 640 738 737 794; x_wconf 92' lang='lat' dir='ltr'>liber</span> <span class='ocrx_word' id='word_1_35' title='bbox 752 738 953 807; x_wconf 90' lang='lat' dir='ltr'>secundus,</span> <span class='ocrx_word' id='word_1_36' title='bbox 969 739 1073 794; x_wconf 92' lang='lat' dir='ltr'>liber</span> 
     </span>
     <span class='ocr_line' id='line_1_7' title="bbox 165 821 1075 893; baseline -0.001 -15"><span class='ocrx_word' id='word_1_37' title='bbox 165 823 316 892; x_wconf 88' lang='lat' dir='ltr'>tertius,</span> <span class='ocrx_word' id='word_1_38' title='bbox 331 821 432 878; x_wconf 92' lang='lat' dir='ltr'>liber</span> <span class='ocrx_word' id='word_1_39' title='bbox 447 828 612 893; x_wconf 85' lang='lat' dir='ltr'>quartus,</span> <span class='ocrx_word' id='word_1_40' title='bbox 627 821 895 891; x_wconf 84' lang='lat' dir='ltr'>liberquintus.</span> <span class='ocrx_word' id='word_1_41' title='bbox 916 821 1075 877; x_wconf 78' lang='lat' dir='ltr'>Acuehoc</span> 
     </span>
     <span class='ocr_line' id='line_1_8' title="bbox 166 903 1074 978; baseline 0.001 -18"><span class='ocrx_word' id='word_1_42' title='bbox 166 906 276 978; x_wconf 89' lang='lat' dir='ltr'>quidem</span> <span class='ocrx_word' id='word_1_43' title='bbox 289 905 562 977; x_wconf 90' lang='lat' dir='ltr'>praetermittendum</span> <span class='ocrx_word' id='word_1_44' title='bbox 572 911 625 972; x_wconf 81' lang='lat' dir='ltr'>est,</span> <span class='ocrx_word' id='word_1_45' title='bbox 639 903 753 976; x_wconf 85' lang='lat' dir='ltr'>quodie</span> <span class='ocrx_word' id='word_1_46' title='bbox 766 905 864 960; x_wconf 92' lang='lat' dir='ltr'>eodem</span> <span class='ocrx_word' id='word_1_47' title='bbox 875 905 949 960; x_wconf 90' lang='lat' dir='ltr'>libro</span> <span class='ocrx_word' id='word_1_48' title='bbox 966 904 1074 961; x_wconf 86' lang='lat' dir='ltr'>Caesu-</span> 
     </span>
     <span class='ocr_line' id='line_1_9' title="bbox 164 987 1074 1060; baseline -0.002 -14"><span class='ocrx_word' id='word_1_49' title='bbox 164 1007 212 1046; x_wconf 85' lang='lat' dir='ltr'>res</span> <span class='ocrx_word' id='word_1_50' title='bbox 226 1006 277 1046; x_wconf 82' lang='lat' dir='ltr'>sex</span> <span class='ocrx_word' id='word_1_51' title='bbox 288 988 370 1060; x_wconf 92' lang='lat' dir='ltr'>primi</span> <span class='ocrx_word' id='word_1_52' title='bbox 381 988 500 1059; x_wconf 88' lang='lat' dir='ltr'>singulis</span> <span class='ocrx_word' id='word_1_53' title='bbox 508 987 656 1044; x_wconf 87' lang='lat' dir='ltr'>versiculis</span> <span class='ocrx_word' id='word_1_54' title='bbox 669 988 822 1043; x_wconf 87' lang='lat' dir='ltr'>litterarum</span> <span class='ocrx_word' id='word_1_55' title='bbox 835 988 968 1044; x_wconf 87' lang='lat' dir='ltr'>meierum</span> <span class='ocrx_word' id='word_1_56' title='bbox 982 995 1012 1042; x_wconf 94' lang='lat' dir='ltr'>et</span> <span class='ocrx_word' id='word_1_57' title='bbox 1025 1005 1074 1044; x_wconf 92' lang='lat' dir='ltr'>ru-</span> 
     </span>
     <span class='ocr_line' id='line_1_10' title="bbox 148 1068 1074 1143; baseline -0.001 -14"><span class='ocrx_word' id='word_1_58' title='bbox 148 1068 332 1129; x_wconf 76' lang='lat' dir='ltr'>&#39;bricatarum</span> <span class='ocrx_word' id='word_1_59' title='bbox 347 1071 497 1143; x_wconf 90' lang='lat' dir='ltr'>incipiunt,</span> <span class='ocrx_word' id='word_1_60' title='bbox 510 1088 562 1126; x_wconf 85' lang='lat' dir='ltr'>sex</span> <span class='ocrx_word' id='word_1_61' title='bbox 575 1071 761 1143; x_wconf 86' lang='lat' dir='ltr'>posteriorum</span> <span class='ocrx_word' id='word_1_62' title='bbox 777 1077 879 1126; x_wconf 91' lang='lat' dir='ltr'>tantum</span> <span class='ocrx_word' id='word_1_63' title='bbox 896 1072 964 1137; x_wconf 94' lang='lat' dir='ltr'>duo,</span> <span class='ocrx_word' id='word_1_64' title='bbox 984 1071 1074 1128; x_wconf 86' lang='lat' dir='ltr'>Galba</span> 
     </span>
     <span class='ocr_line' id='line_1_11' title="bbox 165 1155 1073 1227; baseline -0.002 -15"><span class='ocrx_word' id='word_1_65' title='bbox 165 1163 194 1213; x_wconf 91' lang='lat' dir='ltr'>et</span> <span class='ocrx_word' id='word_1_66' title='bbox 209 1155 350 1212; x_wconf 88' lang='lat' dir='ltr'>Vitellius.</span> <span class='ocrx_word' id='word_1_67' title='bbox 396 1155 567 1210; x_wconf 91' lang='lat' dir='ltr'>Procedente</span> <span class='ocrx_word' id='word_1_68' title='bbox 587 1161 712 1227; x_wconf 90' lang='lat' dir='ltr'>tempore</span> <span class='ocrx_word' id='word_1_69' title='bbox 726 1155 825 1210; x_wconf 87' lang='lat' dir='ltr'>malum</span> <span class='ocrx_word' id='word_1_70' title='bbox 845 1155 929 1210; x_wconf 92' lang='lat' dir='ltr'>latius</span> <span class='ocrx_word' id='word_1_71' title='bbox 955 1155 1073 1226; x_wconf 87' lang='lat' dir='ltr'>serpsit,</span> 
     </span>
    </p>

    <p class='ocr_par' dir='ltr' id='par_1_3' title="bbox 76 1231 1112 2377">
     <span class='ocr_line' id='line_1_12' title="bbox 76 1231 1073 1310; baseline -0.001 -15"><span class='ocrx_word' id='word_1_72' title='bbox 76 1275 78 1278; x_wconf 32' lang='lat' dir='ltr'>v</span> <span class='ocrx_word' id='word_1_73' title='bbox 165 1256 226 1295; x_wconf 93' lang='lat' dir='ltr'>cum</span> <span class='ocrx_word' id='word_1_74' title='bbox 236 1239 420 1310; x_wconf 92' lang='lat' dir='ltr'>interruptum</span> <span class='ocrx_word' id='word_1_75' title='bbox 436 1254 611 1294; x_wconf 91' lang='lat' dir='ltr'>numerorum</span> <span class='ocrx_word' id='word_1_76' title='bbox 625 1238 751 1295; x_wconf 90' lang='lat' dir='ltr'>ordinem</span> <span class='ocrx_word' id='word_1_77' title='bbox 766 1238 897 1294; x_wconf 85' lang='lat' dir='ltr'>librarius</span> <span class='ocrx_word' id='word_1_78' title='bbox 913 1231 1073 1310; x_wconf 82' lang='lat' dir='ltr'>aliquisita</span> 
     </span>
     <span class='ocr_line' id='line_1_13' title="bbox 163 1321 1072 1392; baseline -0.002 -14"><span class='ocrx_word' id='word_1_79' title='bbox 163 1322 372 1379; x_wconf 89' lang='lat' dir='ltr'>resarciendum</span> <span class='ocrx_word' id='word_1_80' title='bbox 384 1321 572 1392; x_wconf 83' lang='lat' dir='ltr'>existimaret,</span> <span class='ocrx_word' id='word_1_81' title='bbox 588 1329 616 1378; x_wconf 89' lang='lat' dir='ltr'>ut</span> <span class='ocrx_word' id='word_1_82' title='bbox 633 1321 751 1391; x_wconf 88' lang='lat' dir='ltr'>singulis</span> <span class='ocrx_word' id='word_1_83' title='bbox 763 1321 829 1376; x_wconf 89' lang='lat' dir='ltr'>vitis</span> <span class='ocrx_word' id='word_1_84' title='bbox 841 1321 968 1392; x_wconf 90' lang='lat' dir='ltr'>singulos</span> <span class='ocrx_word' id='word_1_85' title='bbox 980 1322 1072 1377; x_wconf 90' lang='lat' dir='ltr'>libros</span> 
     </span>
     <span class='ocr_line' id='line_1_14' title="bbox 163 1404 1071 1476; baseline -0.002 -14"><span class='ocrx_word' id='word_1_86' title='bbox 163 1407 311 1473; x_wconf 85' lang='lat' dir='ltr'>tribueret,</span> <span class='ocrx_word' id='word_1_87' title='bbox 325 1405 353 1460; x_wconf 96' lang='lat' dir='ltr'>id</span> <span class='ocrx_word' id='word_1_88' title='bbox 370 1411 414 1459; x_wconf 91' lang='lat' dir='ltr'>est</span> <span class='ocrx_word' id='word_1_89' title='bbox 429 1404 517 1460; x_wconf 88' lang='lat' dir='ltr'>libros</span> <span class='ocrx_word' id='word_1_90' title='bbox 531 1405 719 1476; x_wconf 81' lang='lat' dir='ltr'>distingueret</span> <span class='ocrx_word' id='word_1_91' title='bbox 733 1405 888 1460; x_wconf 92' lang='lat' dir='ltr'>duodecim.</span> <span class='ocrx_word' id='word_1_92' title='bbox 933 1405 972 1460; x_wconf 89' lang='lat' dir='ltr'>Ea</span> <span class='ocrx_word' id='word_1_93' title='bbox 991 1405 1071 1460; x_wconf 88' lang='lat' dir='ltr'>labes</span> 
     </span>
     <span class='ocr_line' id='line_1_15' title="bbox 164 1483 1112 1562; baseline -0.001 -18"><span class='ocrx_word' id='word_1_94' title='bbox 164 1489 219 1545; x_wconf 88' lang='lat' dir='ltr'>iam</span> <span class='ocrx_word' id='word_1_95' title='bbox 233 1488 359 1544; x_wconf 91' lang='lat' dir='ltr'>codicem</span> <span class='ocrx_word' id='word_1_96' title='bbox 374 1487 528 1543; x_wconf 89' lang='lat' dir='ltr'>illediceum</span> <span class='ocrx_word' id='word_1_97' title='bbox 547 1489 657 1545; x_wconf 89' lang='lat' dir='ltr'>tertium</span> <span class='ocrx_word' id='word_1_98' title='bbox 671 1483 725 1562; x_wconf 90' lang='lat' dir='ltr'>(pl.</span> <span class='ocrx_word' id='word_1_99' title='bbox 742 1494 795 1558; x_wconf 82' lang='lat'>68,</span> <span class='ocrx_word' id='word_1_100' title='bbox 817 1484 850 1561; x_wconf 82' lang='lat'>7)</span> <span class='ocrx_word' id='word_1_101' title='bbox 868 1488 914 1559; x_wconf 85' lang='lat' dir='ltr'>qui</span> <span class='ocrx_word' id='word_1_102' title='bbox 930 1488 1004 1543; x_wconf 93' lang='lat' dir='ltr'>inter</span> <span class='ocrx_word' id='word_1_103' title='bbox 1020 1488 1072 1543; x_wconf 88' lang='lat' dir='ltr'>mi·</span> <span class='ocrx_word' id='word_1_104' title='bbox 1111 1544 1112 1553; x_wconf 58' lang='grc'>,</span> 
     </span>
     <span class='ocr_line' id='line_1_16' title="bbox 164 1572 1112 1644; baseline -0.001 -16"><span class='ocrx_word' id='word_1_105' title='bbox 164 1589 215 1628; x_wconf 87' lang='lat' dir='ltr'>uus</span> <span class='ocrx_word' id='word_1_106' title='bbox 237 1572 364 1641; x_wconf 89' lang='lat' dir='ltr'>integros</span> <span class='ocrx_word' id='word_1_107' title='bbox 381 1572 416 1627; x_wconf 95' lang='lat' dir='ltr'>de</span> <span class='ocrx_word' id='word_1_108' title='bbox 438 1572 637 1643; x_wconf 77' lang='lat' dir='ltr'>antiquissimis</span> <span class='ocrx_word' id='word_1_109' title='bbox 661 1578 721 1641; x_wconf 91' lang='lat' dir='ltr'>est,</span> <span class='ocrx_word' id='word_1_110' title='bbox 741 1572 905 1643; x_wconf 86' lang='lat' dir='ltr'>occupavit,</span> <span class='ocrx_word' id='word_1_111' title='bbox 922 1577 952 1625; x_wconf 89' lang='lat' dir='ltr'>ut</span> <span class='ocrx_word' id='word_1_112' title='bbox 971 1572 1071 1627; x_wconf 93' lang='lat' dir='ltr'>mirum</span> <span class='ocrx_word' id='word_1_113' title='bbox 1109 1587 1112 1644; x_wconf 68' lang='grc' dir='ltr'>ι</span> 
     </span>
     <span class='ocr_line' id='line_1_17' title="bbox 163 1651 1071 1727; baseline -0.001 -15"><span class='ocrx_word' id='word_1_114' title='bbox 163 1651 255 1712; x_wconf 84' lang='lat' dir='ltr'>videri</span> <span class='ocrx_word' id='word_1_115' title='bbox 273 1670 327 1710; x_wconf 90' lang='lat' dir='ltr'>non</span> <span class='ocrx_word' id='word_1_116' title='bbox 343 1655 461 1724; x_wconf 88' lang='lat' dir='ltr'>debeat,</span> <span class='ocrx_word' id='word_1_117' title='bbox 483 1656 556 1727; x_wconf 87' lang='lat' dir='ltr'>quod</span> <span class='ocrx_word' id='word_1_118' title='bbox 573 1655 738 1712; x_wconf 92' lang='lat' dir='ltr'>Vincentius</span> <span class='ocrx_word' id='word_1_119' title='bbox 753 1655 965 1711; x_wconf 84' lang='lat' dir='ltr'>Bellovucensis</span> <span class='ocrx_word' id='word_1_120' title='bbox 981 1661 1010 1710; x_wconf 91' lang='lat' dir='ltr'>et</span> <span class='ocrx_word' id='word_1_121' title='bbox 1027 1655 1071 1711; x_wconf 89' lang='lat' dir='ltr'>la·</span> 
     </span>
     <span class='ocr_line' id='line_1_18' title="bbox 164 1698 1112 1808; baseline -0.002 -14"><span class='ocrx_word' id='word_1_122' title='bbox 164 1738 251 1794; x_wconf 92' lang='lat' dir='ltr'>cobus</span> <span class='ocrx_word' id='word_1_123' title='bbox 274 1738 365 1808; x_wconf 89' lang='lat' dir='ltr'>llagni</span> <span class='ocrx_word' id='word_1_124' title='bbox 393 1744 421 1792; x_wconf 93' lang='lat' dir='ltr'>et</span> <span class='ocrx_word' id='word_1_125' title='bbox 442 1739 490 1794; x_wconf 91' lang='lat' dir='ltr'>alii</span> <span class='ocrx_word' id='word_1_126' title='bbox 511 1740 618 1795; x_wconf 90' lang='lat' dir='ltr'>mediae</span> <span class='ocrx_word' id='word_1_127' title='bbox 642 1738 741 1794; x_wconf 86' lang='lat' dir='ltr'>aetatis</span> <span class='ocrx_word' id='word_1_128' title='bbox 766 1737 921 1808; x_wconf 91' lang='lat' dir='ltr'>scriptores</span> <span class='ocrx_word' id='word_1_129' title='bbox 942 1754 1005 1792; x_wconf 93' lang='lat' dir='ltr'>cum</span> <span class='ocrx_word' id='word_1_130' title='bbox 1021 1755 1070 1794; x_wconf 88' lang='lat' dir='ltr'>ve·</span> <span class='ocrx_word' id='word_1_131' title='bbox 1107 1698 1112 1792; x_wconf 60' lang='lat' dir='ltr'>i</span> 
     </span>
     <span class='ocr_line' id='line_1_19' title="bbox 163 1813 1112 1878; baseline 0.002 -2"><span class='ocrx_word' id='word_1_132' title='bbox 163 1821 324 1878; x_wconf 88' lang='lat' dir='ltr'>tustissimis</span> <span class='ocrx_word' id='word_1_133' title='bbox 341 1822 495 1878; x_wconf 88' lang='lat' dir='ltr'>editoribus</span> <span class='ocrx_word' id='word_1_134' title='bbox 509 1823 583 1878; x_wconf 90' lang='lat' dir='ltr'>hunc</span> <span class='ocrx_word' id='word_1_135' title='bbox 599 1823 723 1878; x_wconf 88' lang='lat' dir='ltr'>ordinem</span> <span class='ocrx_word' id='word_1_136' title='bbox 739 1821 828 1877; x_wconf 91' lang='lat' dir='ltr'>secuti</span> <span class='ocrx_word' id='word_1_137' title='bbox 844 1821 908 1876; x_wconf 93' lang='lat' dir='ltr'>sint.</span> <span class='ocrx_word' id='word_1_138' title='bbox 940 1819 998 1877; x_wconf 84' lang='lat' dir='ltr'>Sed</span> <span class='ocrx_word' id='word_1_139' title='bbox 1010 1838 1070 1878; x_wconf 90' lang='lat' dir='ltr'>cum</span> <span class='ocrx_word' id='word_1_140' title='bbox 1110 1813 1112 1839; x_wconf 83' lang='lat'>¹</span> 
     </span>
     <span class='ocr_line' id='line_1_20' title="bbox 163 1904 1070 1976; baseline 0.001 -17"><span class='ocrx_word' id='word_1_141' title='bbox 163 1905 384 1976; x_wconf 83' lang='lat' dir='ltr'>reputaverimus</span> <span class='ocrx_word' id='word_1_142' title='bbox 399 1911 457 1960; x_wconf 92' lang='lat' dir='ltr'>tres</span> <span class='ocrx_word' id='word_1_143' title='bbox 468 1905 582 1962; x_wconf 86' lang='lat' dir='ltr'>Fluvios</span> <span class='ocrx_word' id='word_1_144' title='bbox 594 1906 758 1961; x_wconf 87' lang='lat' dir='ltr'>coniunctos</span> <span class='ocrx_word' id='word_1_145' title='bbox 773 1904 873 1960; x_wconf 93' lang='lat' dir='ltr'>librum</span> <span class='ocrx_word' id='word_1_146' title='bbox 888 1904 1004 1959; x_wconf 82' lang='lat' dir='ltr'>efficere</span> <span class='ocrx_word' id='word_1_147' title='bbox 1020 1905 1070 1960; x_wconf 75' lang='lat' dir='ltr'>ni-</span> 
     </span>
     <span class='ocr_line' id='line_1_21' title="bbox 163 1985 1069 2058; baseline 0.002 -16"><span class='ocrx_word' id='word_1_148' title='bbox 163 2003 260 2042; x_wconf 92' lang='lat' dir='ltr'>norem</span> <span class='ocrx_word' id='word_1_149' title='bbox 278 2005 358 2058; x_wconf 90' lang='lat' dir='ltr'>quam</span> <span class='ocrx_word' id='word_1_150' title='bbox 373 1989 419 2044; x_wconf 83' lang='lat' dir='ltr'>vel</span> <span class='ocrx_word' id='word_1_151' title='bbox 439 2005 521 2044; x_wconf 89' lang='lat' dir='ltr'>unum</span> <span class='ocrx_word' id='word_1_152' title='bbox 535 1989 692 2058; x_wconf 83' lang='lat' dir='ltr'>Tiberium,</span> <span class='ocrx_word' id='word_1_153' title='bbox 709 1993 824 2058; x_wconf 91' lang='lat' dir='ltr'>tresqne</span> <span class='ocrx_word' id='word_1_154' title='bbox 839 1985 1002 2043; x_wconf 78' lang='lat' dir='ltr'>‘aestivos&#39;</span> <span class='ocrx_word' id='word_1_155' title='bbox 1020 1989 1069 2044; x_wconf 94' lang='lat' dir='ltr'>im-</span> 
     </span>
     <span class='ocr_line' id='line_1_22' title="bbox 163 2070 1109 2143; baseline 0.003 -17"><span class='ocrx_word' id='word_1_156' title='bbox 163 2077 309 2143; x_wconf 87' lang='lat' dir='ltr'>peratores</span> <span class='ocrx_word' id='word_1_157' title='bbox 337 2088 371 2126; x_wconf 88' lang='lat' dir='ltr'>ne</span> <span class='ocrx_word' id='word_1_158' title='bbox 398 2071 550 2142; x_wconf 81' lang='lat' dir='ltr'>Caligulam</span> <span class='ocrx_word' id='word_1_159' title='bbox 580 2072 690 2143; x_wconf 89' lang='lat' dir='ltr'>quidem</span> <span class='ocrx_word' id='word_1_160' title='bbox 718 2087 840 2142; x_wconf 87' lang='lat' dir='ltr'>aequare</span> <span class='ocrx_word' id='word_1_161' title='bbox 867 2070 1069 2141; x_wconf 87' lang='lat' dir='ltr'>magnitudine,</span> <span class='ocrx_word' id='word_1_162' title='bbox 1108 2125 1109 2129; x_wconf 75' lang='grc'>,</span> 
     </span>
     <span class='ocr_line' id='line_1_23' title="bbox 164 2153 1069 2226; baseline 0.001 -18"><span class='ocrx_word' id='word_1_163' title='bbox 164 2154 330 2226; x_wconf 88' lang='lat' dir='ltr'>comparatis</span> <span class='ocrx_word' id='word_1_164' title='bbox 349 2155 432 2211; x_wconf 88' lang='lat' dir='ltr'>etiam</span> <span class='ocrx_word' id='word_1_165' title='bbox 447 2155 563 2211; x_wconf 89' lang='lat' dir='ltr'>aliorum</span> <span class='ocrx_word' id='word_1_166' title='bbox 583 2155 750 2226; x_wconf 89' lang='lat' dir='ltr'>scriptorum</span> <span class='ocrx_word' id='word_1_167' title='bbox 769 2160 800 2208; x_wconf 89' lang='lat' dir='ltr'>ut</span> <span class='ocrx_word' id='word_1_168' title='bbox 814 2153 949 2224; x_wconf 87' lang='lat' dir='ltr'>Diogenis</span> <span class='ocrx_word' id='word_1_169' title='bbox 965 2153 1069 2210; x_wconf 85' lang='lat' dir='ltr'>Laertii</span> 
     </span>
     <span class='ocr_line' id='line_1_24' title="bbox 164 2236 1069 2307; baseline 0.008 -15"><span class='ocrx_word' id='word_1_170' title='bbox 164 2238 328 2307; x_wconf 88' lang='lat' dir='ltr'>rationibus,</span> <span class='ocrx_word' id='word_1_171' title='bbox 341 2244 419 2293; x_wconf 93' lang='lat' dir='ltr'>recte</span> <span class='ocrx_word' id='word_1_172' title='bbox 432 2255 464 2296; x_wconf 88' lang='lat' dir='ltr'>ac</span> <span class='ocrx_word' id='word_1_173' title='bbox 473 2239 571 2295; x_wconf 92' lang='lat' dir='ltr'>merito</span> <span class='ocrx_word' id='word_1_174' title='bbox 584 2239 708 2294; x_wconf 85' lang='lat' dir='ltr'>lsuecum</span> <span class='ocrx_word' id='word_1_175' title='bbox 716 2236 907 2293; x_wconf 82' lang='lat' dir='ltr'>casaubonum</span> <span class='ocrx_word' id='word_1_176' title='bbox 919 2253 992 2294; x_wconf 81' lang='lat' dir='ltr'>anno</span> <span class='ocrx_word' id='word_1_177' title='bbox 1002 2243 1069 2298; x_wconf 83' lang='lat'>1595</span> 
     </span>
     <span class='ocr_line' id='line_1_25' title="bbox 164 2319 842 2377; baseline -0.001 -2"><span class='ocrx_word' id='word_1_178' title='bbox 164 2320 346 2376; x_wconf 90' lang='lat' dir='ltr'>iudicabimus</span> <span class='ocrx_word' id='word_1_179' title='bbox 363 2320 466 2376; x_wconf 87' lang='lat' dir='ltr'>Suidue</span> <span class='ocrx_word' id='word_1_180' title='bbox 481 2321 639 2377; x_wconf 89' lang='lat' dir='ltr'>auctoritati</span> <span class='ocrx_word' id='word_1_181' title='bbox 654 2319 842 2376; x_wconf 90' lang='lat' dir='ltr'>concessisse.</span> 
     </span>
    </p>

    <p class='ocr_par' dir='ltr' id='par_1_4' title="bbox 51 2399 1105 3311">
     <span class='ocr_line' id='line_1_26' title="bbox 51 2399 1069 2503; baseline 0.001 -45"><span class='ocrx_word' id='word_1_182' title='bbox 51 2399 153 2503; x_wconf 42' lang='lat' dir='ltr'>*pff*</span> <span class='ocrx_word' id='word_1_183' title='bbox 226 2402 1069 2475; x_wconf 84' lang='lat' dir='ltr'>Cupitumquoquodistinctionemnesilentiotrans-</span> 
     </span>
     <span class='ocr_line' id='line_1_27' title="bbox 165 2485 1069 2558; baseline 0.001 -17"><span class='ocrx_word' id='word_1_184' title='bbox 165 2504 235 2555; x_wconf 91' lang='lat' dir='ltr'>eam,</span> <span class='ocrx_word' id='word_1_185' title='bbox 249 2487 326 2542; x_wconf 92' lang='lat' dir='ltr'>nolui</span> <span class='ocrx_word' id='word_1_186' title='bbox 339 2504 399 2542; x_wconf 91' lang='lat' dir='ltr'>eum</span> <span class='ocrx_word' id='word_1_187' title='bbox 407 2487 516 2557; x_wconf 90' lang='lat' dir='ltr'>quidem</span> <span class='ocrx_word' id='word_1_188' title='bbox 528 2487 653 2542; x_wconf 92' lang='lat' dir='ltr'>ordinem</span> <span class='ocrx_word' id='word_1_189' title='bbox 665 2485 879 2557; x_wconf 90' lang='lat' dir='ltr'>numerandique</span> <span class='ocrx_word' id='word_1_190' title='bbox 888 2501 992 2542; x_wconf 90' lang='lat' dir='ltr'>morem</span> <span class='ocrx_word' id='word_1_191' title='bbox 1005 2504 1069 2558; x_wconf 89' lang='lat' dir='ltr'>per-</span> 
     </span>
     <span class='ocr_line' id='line_1_28' title="bbox 164 2561 1070 2641; baseline 0.001 -16"><span class='ocrx_word' id='word_1_192' title='bbox 164 2571 295 2639; x_wconf 90' lang='lat' dir='ltr'>turbare,</span> <span class='ocrx_word' id='word_1_193' title='bbox 318 2586 397 2641; x_wconf 89' lang='lat' dir='ltr'>quem</span> <span class='ocrx_word' id='word_1_194' title='bbox 413 2561 545 2625; x_wconf 87' lang='lat' dir='ltr'>ascribis</span> <span class='ocrx_word' id='word_1_195' title='bbox 561 2569 656 2640; x_wconf 91' lang='lat' dir='ltr'>quinto</span> <span class='ocrx_word' id='word_1_196' title='bbox 672 2569 780 2624; x_wconf 93' lang='lat' dir='ltr'>decimo</span> <span class='ocrx_word' id='word_1_197' title='bbox 800 2571 914 2625; x_wconf 90' lang='lat' dir='ltr'>saeculo</span> <span class='ocrx_word' id='word_1_198' title='bbox 929 2570 1070 2626; x_wconf 88' lang='lat' dir='ltr'>inductum</span> 
     </span>
     <span class='ocr_line' id='line_1_29' title="bbox 164 2651 1069 2725; baseline 0.002 -17"><span class='ocrx_word' id='word_1_199' title='bbox 164 2654 316 2725; x_wconf 90' lang='lat' dir='ltr'>primisque</span> <span class='ocrx_word' id='word_1_200' title='bbox 332 2653 502 2708; x_wconf 90' lang='lat' dir='ltr'>editionibus</span> <span class='ocrx_word' id='word_1_201' title='bbox 519 2659 659 2724; x_wconf 91' lang='lat' dir='ltr'>receptum</span> <span class='ocrx_word' id='word_1_202' title='bbox 672 2651 801 2708; x_wconf 87' lang='lat' dir='ltr'>Erasmus</span> <span class='ocrx_word' id='word_1_203' title='bbox 816 2653 937 2708; x_wconf 90' lang='lat' dir='ltr'>numeris</span> <span class='ocrx_word' id='word_1_204' title='bbox 953 2653 980 2705; x_wconf 92' lang='lat' dir='ltr'>in</span> <span class='ocrx_word' id='word_1_205' title='bbox 997 2670 1069 2710; x_wconf 89' lang='lat' dir='ltr'>mar-</span> 
     </span>
     <span class='ocr_line' id='line_1_30' title="bbox 165 2735 1069 2807; baseline 0.002 -17"><span class='ocrx_word' id='word_1_206' title='bbox 165 2737 231 2806; x_wconf 87' lang='lat' dir='ltr'>gine</span> <span class='ocrx_word' id='word_1_207' title='bbox 248 2735 381 2790; x_wconf 89' lang='lat' dir='ltr'>editionis</span> <span class='ocrx_word' id='word_1_208' title='bbox 393 2735 556 2790; x_wconf 89' lang='lat' dir='ltr'>Busiliensis</span> <span class='ocrx_word' id='word_1_209' title='bbox 575 2753 599 2790; x_wconf 89' lang='lat' dir='ltr'>a.</span> <span class='ocrx_word' id='word_1_210' title='bbox 611 2741 680 2795; x_wconf 86' lang='grc'><strong>1518</strong></span> <span class='ocrx_word' id='word_1_211' title='bbox 691 2736 827 2807; x_wconf 88' lang='lat' dir='ltr'>appositis</span> <span class='ocrx_word' id='word_1_212' title='bbox 843 2735 972 2792; x_wconf 85' lang='lat' dir='ltr'>sanxisse</span> <span class='ocrx_word' id='word_1_213' title='bbox 989 2737 1069 2792; x_wconf 88' lang='lat' dir='ltr'>vide-</span> 
     </span>
     <span class='ocr_line' id='line_1_31' title="bbox 165 2818 1069 2890; baseline 0.003 -18"><span class='ocrx_word' id='word_1_214' title='bbox 165 2825 208 2873; x_wconf 93' lang='lat' dir='ltr'>tur</span> <span class='ocrx_word' id='word_1_215' title='bbox 225 2820 252 2873; x_wconf 93' lang='lat' dir='ltr'>in</span> <span class='ocrx_word' id='word_1_216' title='bbox 268 2824 445 2889; x_wconf 90' lang='lat' dir='ltr'>perpetuum;</span> <span class='ocrx_word' id='word_1_217' title='bbox 462 2834 551 2889; x_wconf 90' lang='lat' dir='ltr'>nequo</span> <span class='ocrx_word' id='word_1_218' title='bbox 567 2820 591 2874; x_wconf 94' lang='lat' dir='ltr'>is</span> <span class='ocrx_word' id='word_1_219' title='bbox 608 2825 662 2874; x_wconf 91' lang='lat' dir='ltr'>tam</span> <span class='ocrx_word' id='word_1_220' title='bbox 677 2819 786 2890; x_wconf 89' lang='lat' dir='ltr'>ineptus</span> <span class='ocrx_word' id='word_1_221' title='bbox 807 2827 850 2874; x_wconf 92' lang='lat' dir='ltr'>est</span> <span class='ocrx_word' id='word_1_222' title='bbox 868 2826 898 2873; x_wconf 91' lang='lat' dir='ltr'>ut</span> <span class='ocrx_word' id='word_1_223' title='bbox 913 2818 998 2874; x_wconf 90' lang='lat' dir='ltr'>abiici</span> <span class='ocrx_word' id='word_1_224' title='bbox 1018 2821 1069 2875; x_wconf 90' lang='lat' dir='ltr'>de-</span> 
     </span>
     <span class='ocr_line' id='line_1_32' title="bbox 163 2900 1068 2972; baseline 0.002 -15"><span class='ocrx_word' id='word_1_225' title='bbox 163 2901 265 2957; x_wconf 90' lang='lat' dir='ltr'>buerit.</span> <span class='ocrx_word' id='word_1_226' title='bbox 298 2900 355 2956; x_wconf 90' lang='lat' dir='ltr'>Sed</span> <span class='ocrx_word' id='word_1_227' title='bbox 370 2901 445 2956; x_wconf 91' lang='lat' dir='ltr'>nolui</span> <span class='ocrx_word' id='word_1_228' title='bbox 463 2907 552 2956; x_wconf 91' lang='lat' dir='ltr'>tamen</span> <span class='ocrx_word' id='word_1_229' title='bbox 570 2903 682 2958; x_wconf 90' lang='lat' dir='ltr'>nescius</span> <span class='ocrx_word' id='word_1_230' title='bbox 701 2919 796 2971; x_wconf 92' lang='lat' dir='ltr'>esses,</span> <span class='ocrx_word' id='word_1_231' title='bbox 814 2904 903 2958; x_wconf 92' lang='lat' dir='ltr'>lector</span> <span class='ocrx_word' id='word_1_232' title='bbox 918 2903 1068 2972; x_wconf 87' lang='lat' dir='ltr'>benevole,</span> 
     </span>
     <span class='ocr_line' id='line_1_33' title="bbox 164 2984 1069 3056; baseline 0.003 -18"><span class='ocrx_word' id='word_1_233' title='bbox 164 2984 306 3054; x_wconf 88' lang='lat' dir='ltr'>reperisse</span> <span class='ocrx_word' id='word_1_234' title='bbox 322 3001 365 3038; x_wconf 93' lang='lat' dir='ltr'>me</span> <span class='ocrx_word' id='word_1_235' title='bbox 381 2984 409 3038; x_wconf 94' lang='lat' dir='ltr'>in</span> <span class='ocrx_word' id='word_1_236' title='bbox 423 2985 583 3040; x_wconf 85' lang='lat' dir='ltr'>Memmiano</span> <span class='ocrx_word' id='word_1_237' title='bbox 600 2986 699 3042; x_wconf 89' lang='lat' dir='ltr'>codice</span> <span class='ocrx_word' id='word_1_238' title='bbox 715 2986 795 3041; x_wconf 90' lang='lat' dir='ltr'>aliam</span> <span class='ocrx_word' id='word_1_239' title='bbox 817 2987 935 3056; x_wconf 88' lang='lat' dir='ltr'>capitum</span> <span class='ocrx_word' id='word_1_240' title='bbox 950 2985 1069 3042; x_wconf 88' lang='lat' dir='ltr'>divisio-</span> 
     </span>
     <span class='ocr_line' id='line_1_34' title="bbox 165 3068 1068 3139; baseline 0.006 -20"><span class='ocrx_word' id='word_1_241' title='bbox 165 3082 226 3120; x_wconf 92' lang='lat' dir='ltr'>nem</span> <span class='ocrx_word' id='word_1_242' title='bbox 243 3073 296 3120; x_wconf 91' lang='lat' dir='ltr'>tam</span> <span class='ocrx_word' id='word_1_243' title='bbox 312 3069 480 3123; x_wconf 91' lang='lat' dir='ltr'>commodam</span> <span class='ocrx_word' id='word_1_244' title='bbox 502 3075 611 3139; x_wconf 91' lang='lat' dir='ltr'>tamque</span> <span class='ocrx_word' id='word_1_245' title='bbox 626 3070 809 3138; x_wconf 84' lang='lat' dir='ltr'>luculentam,</span> <span class='ocrx_word' id='word_1_246' title='bbox 831 3075 860 3132; x_wconf 82' lang='lat' dir='ltr'>ut</span> <span class='ocrx_word' id='word_1_247' title='bbox 876 3068 965 3139; x_wconf 91' lang='lat' dir='ltr'>ipsius</span> <span class='ocrx_word' id='word_1_248' title='bbox 983 3069 1068 3124; x_wconf 87' lang='lat' dir='ltr'>Trau-</span> 
     </span>
     <span class='ocr_line' id='line_1_35' title="bbox 166 3149 1104 3267; baseline 0.005 -66"><span class='ocrx_word' id='word_1_249' title='bbox 166 3149 244 3218; x_wconf 93' lang='lat' dir='ltr'>quilli</span> <span class='ocrx_word' id='word_1_250' title='bbox 267 3168 345 3205; x_wconf 92' lang='lat' dir='ltr'>manu</span> <span class='ocrx_word' id='word_1_251' title='bbox 362 3151 486 3207; x_wconf 87' lang='lat' dir='ltr'>instituta</span> <span class='ocrx_word' id='word_1_252' title='bbox 502 3169 566 3207; x_wconf 93' lang='lat' dir='ltr'>esse</span> <span class='ocrx_word' id='word_1_253' title='bbox 581 3152 718 3207; x_wconf 85' lang='lat' dir='ltr'>videatur.</span> <span class='ocrx_word' id='word_1_254' title='bbox 763 3152 828 3207; x_wconf 89' lang='lat' dir='ltr'>Eam</span> <span class='ocrx_word' id='word_1_255' title='bbox 849 3152 951 3221; x_wconf 90' lang='lat' dir='ltr'>igitur,</span> <span class='ocrx_word' id='word_1_256' title='bbox 970 3152 1068 3222; x_wconf 89' lang='lat' dir='ltr'>paucis</span> <span class='ocrx_word' id='word_1_257' title='bbox 1098 3177 1104 3267; x_wconf 69' lang='lat' dir='ltr'>p</span> 
     </span>
     <span class='ocr_line' id='line_1_36' title="bbox 164 3233 1105 3311; baseline 0.004 -25"><span class='ocrx_word' id='word_1_258' title='bbox 164 3233 246 3287; x_wconf 91' lang='lat' dir='ltr'>modo</span> <span class='ocrx_word' id='word_1_259' title='bbox 280 3235 361 3290; x_wconf 87' lang='lat' dir='ltr'>aliter</span> <span class='ocrx_word' id='word_1_260' title='bbox 387 3235 584 3290; x_wconf 90' lang='lat' dir='ltr'>administratis</span> <span class='ocrx_word' id='word_1_261' title='bbox 612 3253 681 3305; x_wconf 91' lang='lat' dir='ltr'>quae</span> <span class='ocrx_word' id='word_1_262' title='bbox 710 3235 872 3291; x_wconf 90' lang='lat' dir='ltr'>necessario</span> <span class='ocrx_word' id='word_1_263' title='bbox 905 3235 1068 3302; x_wconf 82' lang='lat' dir='ltr'>refingenda</span> <span class='ocrx_word' id='word_1_264' title='bbox 1099 3274 1105 3311; x_wconf 58' lang='lat'>¹.</span> 
     </span>
    </p>
   </div>
   <div class='ocr_carea' id='block_1_3' title="bbox 163 3363 363 3375">
    <p class='ocr_par' dir='ltr' id='par_1_5' title="bbox 163 3363 363 3375">
     <span class='ocr_line' id='line_1_37' title="bbox 163 3363 363 3375; baseline 0.01 -4"><span class='ocrx_word' id='word_1_265' title='bbox 163 3363 272 3374; x_wconf 78' lang='lat'>——.</span> <span class='ocrx_word' id='word_1_266' title='bbox 276 3365 363 3375; x_wconf 68' lang='grc' dir='ltr'>..ι-.-</span> 
     </span>
    </p>
   </div>
   <div class='ocr_carea' id='block_1_4' title="bbox 233 3383 1103 3496">
    <p class='ocr_par' dir='ltr' id='par_1_6' title="bbox 233 3383 1103 3496">
     <span class='ocr_line' id='line_1_38' title="bbox 233 3383 1103 3496; baseline 0 -18"><span class='ocrx_word' id='word_1_267' title='bbox 233 3430 261 3493; x_wconf 78' lang='lat'>2)</span> <span class='ocrx_word' id='word_1_268' title='bbox 281 3432 420 3495; x_wconf 70' lang='lat' dir='ltr'>lbanqor&#39;lli</span> <span class='ocrx_word' id='word_1_269' title='bbox 439 3431 525 3479; x_wconf 81' lang='lat' dir='ltr'>librum</span> <span class='ocrx_word' id='word_1_270' title='bbox 543 3433 615 3479; x_wconf 81' lang='lat' dir='ltr'>uitam</span> <span class='ocrx_word' id='word_1_271' title='bbox 634 3430 761 3493; x_wconf 76' lang='lat' dir='ltr'>Caligulae</span> <span class='ocrx_word' id='word_1_272' title='bbox 776 3433 936 3481; x_wconf 81' lang='lat' dir='ltr'>continentem</span> <span class='ocrx_word' id='word_1_273' title='bbox 951 3429 1066 3496; x_wconf 89' lang='lat' dir='ltr'>Lampri·</span> <span class='ocrx_word' id='word_1_274' title='bbox 1097 3383 1103 3469; x_wconf 42' lang='lat' dir='ltr'>i</span> 
     </span>
    </p>
   </div>
   <div class='ocr_carea' id='block_1_5' title="bbox 1099 3488 1102 3507">
    <p class='ocr_par' dir='ltr' id='par_1_7' title="bbox 1099 3488 1102 3507">
     <span class='ocr_line' id='line_1_39' title="bbox 1099 3488 1102 3507; baseline 0 0"><span class='ocrx_word' id='word_1_275' title='bbox 1099 3488 1102 3507; x_wconf 94' lang='lat' dir='ltr'>l</span> 
     </span>
    </p>
   </div>
   <div class='ocr_carea' id='block_1_6' title="bbox 164 3497 864 3563">
    <p class='ocr_par' dir='ltr' id='par_1_8' title="bbox 164 3497 864 3563">
     <span class='ocr_line' id='line_1_40' title="bbox 164 3497 864 3563; baseline 0.003 -18"><span class='ocrx_word' id='word_1_276' title='bbox 164 3499 220 3548; x_wconf 91' lang='lat' dir='ltr'>dius</span> <span class='ocrx_word' id='word_1_277' title='bbox 240 3513 339 3562; x_wconf 87' lang='lat' dir='ltr'>quoque</span> <span class='ocrx_word' id='word_1_278' title='bbox 358 3507 534 3547; x_wconf 85' lang='lat' dir='ltr'>commemorat</span> <span class='ocrx_word' id='word_1_279' title='bbox 549 3499 574 3545; x_wconf 92' lang='lat' dir='ltr'>in</span> <span class='ocrx_word' id='word_1_280' title='bbox 594 3497 729 3547; x_wconf 87' lang='lat' dir='ltr'>Commodo</span> <span class='ocrx_word' id='word_1_281' title='bbox 748 3513 803 3563; x_wconf 84' lang='lat' dir='ltr'>cap.</span> <span class='ocrx_word' id='word_1_282' title='bbox 824 3497 864 3548; x_wconf 85' lang='lat'>10.</span> 
     </span>
    </p>
   </div>
   <div class='ocr_carea' id='block_1_7' title="bbox 0 0 1132 3930">
    <p class='ocr_par' dir='ltr' id='par_1_9' title="bbox 0 0 1132 3930">
     <span class='ocr_line' id='line_1_41' title="bbox 0 0 1132 3930; baseline 0 0"><span class='ocrx_word' id='word_1_283' title='bbox 0 0 1132 3930; x_wconf 95' lang='lat' dir='ltr'> </span> 
     </span>
    </p>
   </div>
  </div>
 </body>
</html>
