2286 3944
19 187 59 248 60
244 191 275 239 c.
292 189 486 239 susronsus
502 187 749 248 rnuncomuus

0 335 92 395 cius
113 331 275 410 corporis,
298 330 372 409 quio
393 327 564 406 scriptores
587 345 627 388 oo
643 333 761 406 poetes
783 325 843 387 sub
867 325 990 388 clientela

8 444 21 471 o
33 434 163 477 osorum
177 415 348 489 iudicaret,
371 431 434 474 non
459 411 598 472 absurde
615 417 644 471 et
655 409 776 489 fecisse
797 417 827 471 et
840 412 990 489 scripsisse

6 520 34 561 e
49 503 89 560 ait
105 518 145 560 eo
165 516 292 559 numero
311 497 454 556 divorum
474 503 505 556 et
523 495 744 574 appellatione.
786 494 881 555 Huius
899 511 988 572 cogno·

0 609 20 640 n.
30 603 66 643 en
78 588 107 643 in
124 583 275 662 plerisque
288 581 429 641 indicibus
440 589 469 639 et
482 579 573 640 titulis
589 597 643 659 per
654 597 739 639 unam
754 578 777 638 L
792 578 920 638 litteram
935 579 988 637 scri·

1 677 81 749 ptum
97 665 312 742 animadverto,
334 683 431 725 verum
454 665 518 741 ipse
534 663 563 723 id
579 682 632 742 per
647 662 718 722 duas
736 663 825 722 effert
840 665 870 722 in
886 661 987 742 parasti·

2 751 89 813 chide
105 749 215 827 libelli,
232 752 281 828 qui
296 748 462 808 inscribitur
479 749 595 826 pinax.

69 835 107 900 ld.
126 835 268 894 Antonius
285 832 414 911 Gnipho,
429 833 572 908 ingenuus
588 833 616 890 in
635 829 727 891 Gallia
743 839 829 890 natus
847 830 900 890 sed
916 846 986 908 erpo·

5 922 94 994 situs,
127 919 307 978 anutritore
339 933 391 975 suo
416 917 605 975 manumissus
627 915 834 992 institutusque
867 914 987 991 (Alexan-

6 1004 86 1063 driae
102 1001 233 1080 quidem,
250 1009 280 1060 ut
295 999 382 1078 aliqui
395 999 523 1076 tradunt,
544 1000 573 1058 in
587 997 779 1058 contubernio
796 997 920 1073 Dionysi
936 998 986 1069 scp-

4 1085 218 1152 tobrachionis;
247 1083 323 1162 quod
350 1082 483 1161 equidem
509 1101 567 1141 non
590 1091 699 1142 temere
725 1081 919 1158 crediderim,
941 1095 987 1140 cun

5 1180 167 1248 temporum
187 1170 260 1226 ratio
281 1169 330 1226 vix
352 1165 509 1244 congruat)
532 1166 622 1227 luisse
645 1166 750 1225 dicitur
770 1167 883 1244 ingenii
903 1163 986 1241 magd,

7 1254 163 1313 memoriae
180 1251 354 1327 singularis,
370 1268 426 1310 nec
441 1253 533 1310 minus
546 1250 657 1311 Graece
670 1267 755 1328 quam
771 1249 873 1310 Latine
891 1250 987 1312 doctus:

10 1345 162 1416 praeterea
179 1335 253 1393 comi
269 1331 408 1412 facilique
424 1343 540 1411 natura,
558 1351 752 1412 necunquam
767 1333 805 1394 de
826 1331 988 1395 mercedibus

8 1428 119 1498 pactus,
134 1434 228 1494 eoque
242 1417 323 1495 plura
334 1436 372 1476 ex
384 1417 556 1478 liberalitate
569 1418 737 1478 discentium
749 1428 935 1479 consecutus.
946 1416 988 1476 lle

9 1504 66 1562 cuit
82 1502 202 1579 primum
222 1502 250 1559 in
266 1499 331 1559 Divi
347 1499 411 1560 Iulii
426 1501 511 1561 domo
527 1503 624 1581 pueri,
645 1501 749 1562 deinde
766 1504 795 1561 in
812 1521 867 1563 sua
889 1505 988 1581 private.

6 1586 112 1646 Docuit
124 1592 218 1643 autem
232 1593 261 1644 et
273 1583 458 1661 rhetoricam,
467 1587 505 1644 ita
517 1595 548 1645 ut
559 1585 686 1665 quotidie
696 1596 860 1665 praecepta
873 1588 987 1665 eloquar

8 1672 65 1728 tiae
77 1667 220 1744 traderet,
237 1667 413 1728 declamaret
425 1687 496 1728 vero
511 1671 622 1729 nonnisi
633 1669 775 1729 nundims.
799 1670 988 1730 Scholameiu

9 1753 107 1814 claros
120 1768 237 1830 quoque
252 1754 333 1811 viros
349 1752 552 1831 frequentasse
567 1755 661 1830 aiunt,
678 1755 755 1812 iniis
769 1753 808 1814 Μ.
824 1753 987 1827 Ciceronem,

10 1839 96 1898 etiam
112 1853 175 1896 curn
194 1844 328 1916 praetura
343 1836 521 1913 iungeretur.
551 1837 674 1916 Scripsit
690 1836 797 1914 mudta,
814 1841 943 1916 quamvis
955 1852 987 1895 an·

10 1940 76 1981 num
109 1922 211 1980 aetatis
237 1921 503 2000 quinquagesimum
526 1939 584 1982 non
609 1922 781 1982 excesserit.
823 1921 890 1981 Etsi
910 1921 987 1982 Ateius

11 2005 183 2083 Philologus
198 2004 255 2064 duo
267 2013 373 2064 tantum
384 2004 529 2064 volumina
549 2004 592 2064 de
605 2004 736 2065 Latino
757 2023 928 2066 sermone
941 2003 987 2064 reli

12 2091 112 2169 quisse
126 2106 190 2149 eum
206 2087 306 2158 tradit;
323 2107 386 2148 nam
399 2099 496 2148 cetera
509 2090 615 2167 scripta
632 2088 842 2168 discipulorum
858 2092 919 2150 eius
933 2103 987 2156 esse

11 2192 70 2233 non
82 2174 190 2253 ipsius;
203 2172 345 2252 inquibus
359 2181 388 2231 et
399 2191 479 2232 suum
493 2172 599 2233 alicubi
613 2175 736 2251 reperiri
749 2190 874 2251 nomeu,
886 2184 916 2233 ut
925 2168 986 2233 hoc*

1 2302 2 2314 ,
73 2256 111 2318 Μ.
137 2256 295 2335 Pompilius
321 2255 521 2334 Andronicus,
544 2259 660 2317 natione
685 2259 791 2334 Syrus,
818 2259 914 2318 studio
938 2253 986 2333 up

12 2358 118 2401 cureae
132 2348 231 2400 sectae
244 2340 418 2400 desidiosior
437 2341 465 2399 in
478 2341 663 2419 professione
681 2344 870 2419 grammatica
887 2338 986 2402 habeba

10 2433 56 2482 tur
71 2425 223 2500 minusque
238 2423 360 2483 idoneus
373 2423 408 2482 ad
422 2424 554 2484 tuendam
569 2424 707 2486 scholam.
737 2423 839 2505 ltaque
857 2445 919 2487 cum
934 2418 986 2484 seii

9 2505 81 2565 urbe
97 2522 155 2564 non
171 2506 263 2564 solum
278 2507 405 2566 Antonio
422 2507 577 2586 Gniphoni,
595 2509 647 2568 sed
663 2511 769 2569 ceteris
788 2511 875 2571 etiam
888 2506 986 2570 deterio

10 2589 90 2650 ribus
106 2592 244 2668 postponi
260 2589 388 2666 videret,
415 2590 519 2651 Cumas
534 2595 646 2653 transiit
661 2592 758 2671 ibique
774 2595 803 2653 in
820 2597 882 2654 otio
898 2592 985 2653 virita

11 2675 97 2734 multa
113 2674 290 2750 composuit;
306 2691 406 2732 verum
422 2673 495 2734 adeo
511 2677 596 2754 inops
612 2685 699 2755 atque
716 2695 822 2755 egeus,
847 2688 877 2737 ut
893 2681 985 2737 coactu

11 2761 48 2818 sit
78 2757 263 2836 praecipuum
288 2756 357 2815 illud
384 2758 553 2836 opusculum
582 2779 663 2820 suum
693 2762 874 2821 annalium
903 2744 985 2821 Ennii

12 2840 252 2902 elenchorum
267 2838 345 2902 xv1.
362 2841 476 2902 milibus
491 2861 631 2904 nummum
647 2844 758 2905 cuidam
773 2846 919 2921 vendere,
934 2822 985 2923 qud

11 2927 101 2986 libros
125 2924 252 3024 Orbilius
273 2943 450 3005 suppressos
472 2927 630 2990 redemisse
647 2947 680 2989 se
698 2929 768 2988 dicit
789 2928 985 3008 vulgandonp

14 3028 132 3071 curasse
147 3027 262 3070 nomme
278 3012 413 3071 auctoris.

74 3094 105 3154 L.
127 3093 252 3154 Orbilius
268 3093 397 3174 Pupillus
414 3095 648 3176 Beneventanus,
666 3106 759 3157 morte
775 3094 984 3176 parentumuij

12 3190 99 3256 atque
120 3178 221 3238 eadem
236 3179 282 3238 die
297 3179 475 3240 inimicorum
490 3180 558 3240 dolo
575 3183 825 3261 interemptorum,
847 3176 984 3321 destitutq

13 3263 105 3337 primo
123 3264 317 3340 apparituram
334 3265 546 3341 magistratibus
561 3265 646 3334 iecit;
670 3264 774 3324 deinde
792 3266 819 3325 in
839 3265 983 3345 blaeedou

12 3344 180 3421 corniculo,
197 3363 264 3405 mox
280 3363 316 3405 es
328 3366 348 3376 ·‘
381 3350 464 3394 „mn
507 3348 675 3426 “unctusque
689 3349 803 3425 militia,
820 3352 913 3412 studia
924 3354 984 3428 rept'

10 3425 63 3500 tit,
89 3429 230 3502 quraiam
251 3429 308 3480 ‘nde
511 3466 526 3482 -.
564 3432 654 3487 ariter
671 3432 819 3503 attirarah
842 3453 879 3496 ae
897 3433 983 3515 proici
