2286 3944
72 183 114 248 98
148 195 177 243 c.
196 191 551 252 submurmurans
568 193 651 241 mun
667 194 852 244 cansarum
868 197 938 244 nso.
951 198 1004 247 111.

73 348 274 432 praetorianis.
303 346 512 409 Germaniciani
525 347 639 426 quidam
654 349 739 409 etiam
753 350 916 430 principem
934 351 1034 413 detrac

73 437 141 496 bant
155 450 213 493 non
229 451 246 492 a
260 450 293 492 se
308 431 418 507 datum,
438 447 602 511 summaque
621 433 649 491 vi
665 432 880 512 Germanicum,
902 437 953 514 qui
970 445 1026 497 tum

72 525 223 600 praeerat,
239 516 275 577 ad
288 514 495 594 capessendam
508 533 569 575 rem
582 534 611 595 p.
626 516 784 594 urgebant,
802 535 975 598 quamquam
990 521 1036 580 obi

71 611 148 663 mate
162 603 355 661 resistentem.
388 599 480 674 Quem
495 602 616 659 maxime
633 618 729 660 casum
745 603 865 679 timens,
885 611 1002 681 portae
1016 624 1036 665 c

72 703 153 768 quos
166 686 291 746 senatui
304 683 428 759 liberat,
450 683 580 744 tuendos
597 685 629 743 s'o
640 702 677 744 rc
687 703 720 762 p.
738 685 930 765 depoposcit,
951 707 1036 768 quom

71 771 238 832 universos
252 766 397 848 sufficere
410 767 496 828 sotus
510 786 596 829 soemo
609 774 732 845 poscet,
748 770 811 830 nisi
827 789 895 830 cum
910 773 1013 834 attero
1028 792 1036 834 r

73 855 165 918 etium
180 873 247 914 cum
258 852 413 932 pluribus.
445 852 594 911 Simulavit
606 860 635 912 ct
646 852 839 930 valitudinem,
857 873 916 934 quc
935 861 1036 936 aeqnio

72 941 166 1001 animo
178 938 363 1000 Germanicus
377 935 504 996 celerem
518 937 735 996 successionem
747 937 794 997 vel
807 947 887 998 certe
902 943 1036 1002 societati

72 1025 252 1104 principatus
272 1021 464 1101 opperiretur.
497 1017 672 1098 Compositis
686 1020 875 1082 seditionibus
893 1023 1036 1086 Clemente

73 1125 203 1188 quoquc,
223 1105 323 1166 fraude
342 1104 509 1182 deceptum,
530 1104 646 1182 redegit
665 1105 694 1163 in
708 1114 892 1184 potestatem.
923 1109 1035 1171 Libone

72 1211 109 1252 ne
131 1190 197 1270 quid
218 1192 246 1248 in
266 1191 394 1249 novitate
409 1188 543 1248 acerbius
557 1189 658 1265 tieret,
681 1189 809 1250 secundo
826 1191 943 1252 demum
957 1212 1032 1254 anno

72 1284 171 1336 senatu
195 1274 339 1350 coarguit,
357 1271 453 1332 medio
471 1273 610 1350 temporis
634 1273 728 1351 spatio
750 1283 857 1334 tanturn
879 1293 990 1338 cavere
1007 1296 1036 1338 ca

71 1367 180 1425 tentos:
196 1374 260 1417 nam
276 1364 306 1416 et
319 1358 394 1415 inter
411 1357 565 1434 pontifices
577 1357 750 1417 sacrificanti
761 1359 844 1418 simul
857 1376 912 1437 pro
927 1379 1034 1442 secesp

71 1439 234 1521 plumbeum
255 1439 376 1500 cultrum
391 1439 587 1500 subiciendum
609 1443 735 1519 curavit,
756 1450 785 1501 et
800 1452 947 1504 secretum
963 1455 1036 1524 pete

69 1525 181 1585 nonnisi
196 1523 323 1585 adhibito
338 1523 434 1585 Druso
456 1524 514 1585 iilio
530 1524 621 1601 dedit,
652 1524 839 1606 dextramque
856 1527 1033 1591 obambulan

68 1608 158 1669 veluti
172 1607 353 1686 incumbens,
374 1609 467 1687 quoad
483 1619 674 1688 perageretur
689 1627 801 1687 sermo,
818 1613 969 1673 continuit.

24 1714 60 1769 25
131 1695 240 1754 Verum
260 1693 398 1753 liberatus
418 1701 511 1770 metu,
534 1693 649 1753 civilem
667 1693 817 1755 admodum
838 1696 915 1755 inter
936 1700 1016 1758 initia

68 1777 266 1858 paulominus
289 1795 374 1855 quam
396 1779 535 1856 privatum
557 1780 625 1855 egit.
661 1776 708 1838 Ex
728 1777 857 1856 plurimis
877 1783 1035 1862 maximisq

67 1861 226 1924 bonoribus
246 1871 364 1940 praetor
385 1878 496 1940 paucos
516 1869 545 1922 et
563 1861 695 1922 modicos
710 1879 768 1921 non
785 1864 909 1942 recepit.
936 1865 1036 1927 Natat<

68 1965 162 2024 sunm,
184 1945 298 2025 plebeis
319 1947 513 2006 incurrentem
535 1944 728 2022 circensibus,
752 1949 802 2006 vix
818 1949 901 2008 unius
916 1949 1010 2026 bigae
1027 1971 1036 2010 a

67 2033 192 2092 iectione
214 2029 350 2091 bonorari
367 2048 471 2110 passus
492 2038 546 2090 cst.
576 2029 711 2109 Templa,
729 2029 874 2108 flamines,
898 2034 1036 2095 sacerdot

67 2116 186 2176 decerni
203 2114 258 2175 sibi
274 2114 435 2195 prohibuit,
452 2115 537 2174 etiam
553 2122 660 2175 statuas
674 2121 761 2192 atque
775 2116 917 2192 imagines
934 2119 993 2177 nisi
1009 2138 1036 2199 pt

66 2201 195 2261 mittente
217 2217 251 2259 se
275 2202 359 2278 poni:
381 2200 567 2278 permisitque
589 2216 623 2258 ea
646 2196 710 2258 sola
732 2197 916 2276 conditione,
939 2220 980 2261 ne
999 2205 1036 2264 int

66 2284 218 2345 simulacra
240 2283 360 2344 deorum
381 2283 433 2343 scd
456 2285 531 2342 inter
558 2289 724 2343 ornamenta
745 2281 856 2343 aedium
877 2297 1036 2363 ponerent

65 2368 235 2428 Intercessit
258 2376 287 2426 et
308 2384 364 2445 quo
382 2368 474 2425 minus
490 2368 518 2424 in
534 2375 599 2426 acta
616 2383 668 2426 sua
683 2367 840 2444 iuraretur,
861 2375 891 2427 et
906 2387 944 2429 ne
961 2388 1036 2432 men

65 2449 241 2529 September
255 2448 398 2527 Tiberius,
415 2447 544 2509 October
558 2448 655 2508 Livius
671 2458 853 2510 vocarentur.
886 2451 1036 2516 Psaenom

65 2551 182 2614 quoquc
202 2533 453 2612 imperatoris
477 2549 699 2612 cognomenque
714 2535 832 2612 patris
853 2538 1022 2617 patriae,

65 2618 187 2679 civicam
212 2617 241 2676 in
270 2615 414 2677 vestibulo
442 2632 581 2676 coronam
600 2619 761 2688 recusarit;
791 2636 826 2678 ac
848 2637 885 2678 ne
907 2620 1036 2701 Augus

65 2702 178 2783 quidem
198 2717 317 2777 nomen,
340 2717 508 2780 quamquam
527 2699 746 2779 hereditarium,
769 2701 835 2762 ullis
856 2704 912 2763 nisi
928 2705 965 2765 ad
982 2726 1036 2786 reg

64 2807 100 2849 ac
122 2786 257 2862 dynastas
283 2784 415 2863 epistolis
437 2783 554 2844 addidit.
583 2783 648 2845 Noc
670 2785 791 2865 amplius
811 2803 895 2864 quam
917 2806 990 2850 mox
1013 2801 1036 2851 tr

65 2869 245 2946 consulatus,
274 2887 358 2928 unum
385 2869 485 2948 paucis
512 2867 629 2945 diebus,
653 2868 774 2929 alterurn
794 2868 885 2929 tribus
907 2875 1036 2936 mensibu

63 2956 176 3016 tertium
191 2952 298 3014 absens
311 2970 402 3031 usque
416 2954 444 3012 in
457 2951 525 3012 Idus
538 2952 628 3013 Maias
645 2953 747 3030 gessit.

18 3051 53 3108 27
123 3036 312 3099 Adulationes
334 3036 408 3098 adeo
429 3044 578 3097 aversatus
600 3045 662 3114 est,
687 3046 718 3096 ut
738 3039 879 3098 neminem
901 3050 1036 3102 senatore

63 3131 110 3184 aut
125 3121 215 3182 officii
231 3130 279 3183 aut
294 3121 405 3199 negotii
420 3139 506 3181 causa
523 3119 558 3181 ad
575 3119 709 3181 lecticam
725 3139 804 3182 suam
822 3120 985 3201 admiserit,
1004 3143 1036 3185 co

61 3205 187 3266 solarem
202 3224 291 3285 vero,
308 3205 531 3266 satisfacientem
545 3204 600 3264 sibi
616 3223 651 3264 ac
667 3223 720 3283 per
735 3223 831 3283 genua
848 3222 935 3266 orare
960 3226 1036 3269 cona

61 3298 138 3368 tem,
161 3291 200 3350 ita
221 3291 374 3368 suffugerit
396 3299 426 3349 ut
441 3289 557 3350 caderet
574 3289 707 3366 supinum
730 3298 816 3369 atque
834 3290 935 3366 ctiam,
958 3293 1036 3373 siqu

61 3375 90 3434 in
105 3391 239 3435 sermone
254 3376 304 3435 val
322 3376 350 3434 in
367 3383 490 3434 conc-n..
526 3374 647 3432 rationo
658 3371 790 3434 blandius
808 3372 844 3433 de
859 3391 891 3433 sc
908 3373 1036 3436 diceretn

61 3475 116 3519 non
152 3457 288 3517 {pisisque
312 3461 370 3504 inan
398 3457 436 3504 soi
460 3495 464 3500 .
528 3474 552 3496 Μ
585 3455 802 3512 mma-bandora
831 3465 861 3517 et
887 3470 1036 3519 commuta}
