2256 3930
463 223 635 272 ursunrus.
1016 209 1057 274 ot

57 374 138 453 plebi
156 375 208 434 luit
224 375 380 438 seoedendi
396 395 495 438 rursus
511 395 528 438 a
542 376 682 456 patribus.
714 377 850 440 claudius
863 377 985 456 Drusus,
1001 386 1057 439 sta·

56 468 105 518 tua
129 458 181 519 sibi
197 457 357 521 diademata
372 460 408 520 ad
422 460 501 540 Appi
518 461 624 521 Forum
638 462 750 541 posita,
769 462 880 522 ltaliam
899 476 952 541 per
968 461 1057 522 olien-

58 542 132 603 telas
155 560 301 624 oooupare
321 547 480 623 temptavit.
521 543 657 605 Claudius
678 545 803 607 Pulcher
823 546 900 626 apud
918 545 1058 623 Sieiliam,

58 625 118 685 non'
138 629 325 705 pascentibus
346 630 375 687 in
391 628 567 708 auspicando
584 629 670 708 pullis
685 647 720 690 ao
736 647 789 708 per
804 639 997 708 contemptum
1013 647 1057 688 re-

35 710 176 787 sligionis
196 714 266 771 mari
288 712 442 789 demersis,
464 715 545 791 quasi
564 719 600 773 ut
618 712 756 774 biberent
770 713 893 792 quanm
910 730 978 773 esee
991 712 1057 773 nol-

58 794 137 869 lent,
165 797 306 873 proelium
328 797 429 856 navale
453 797 529 866 iniit;
557 806 786 876 superatusque,
809 812 872 856 oum
891 796 1060 856 dictatorem

9 889 25 951 t,
59 879 158 938 dicere
180 898 197 938 a
220 889 321 940 senatu
335 880 498 959 iuberetur,
521 880 602 941 velut
622 882 725 941 iterum
746 877 880 940 inludens
905 878 1060 939 discrimini

9 972 24 987 ·
58 962 192 1042 public-o,
210 964 319 1024 Glioian
331 965 471 1025 viatorem
487 983 568 1024 suum
583 965 663 1024 dixit.

120 1047 226 1107 Extant
235 1056 264 1107 et
273 1049 441 1108 laminarum
451 1048 584 1127 exempla
593 1047 708 1109 diversa
722 1065 827 1126 aeque,
836 1045 976 1126 siqnidem
989 1060 1062 1123 gen-

9 1133 93 1191 ·mtis
115 1131 243 1191 eiusdem
262 1141 382 1211 utraque
400 1131 519 1194 Glauuha
535 1133 604 1210 luit,
623 1141 653 1192 et
671 1149 746 1211 qnae
763 1146 867 1191 navem
886 1146 950 1190 ourn
970 1129 1062 1188 saeris

56 1216 156 1277 hlatris
183 1216 266 1276 deum
291 1215 397 1276 Idaeae
423 1217 631 1278 obhaerentem
653 1216 793 1277 Tiberino
821 1214 897 1274 vado
927 1213 1061 1289 extraxit,

57 1308 177 1379 precata
193 1300 362 1379 propalam,
379 1308 414 1361 ut
428 1302 474 1362 ito
489 1300 607 1361 demum
622 1317 657 1361 ae
671 1305 869 1381 sequeretur,
885 1298 915 1358 εἰ
928 1296 991 1358 sihi
1003 1314 1060 1375 pu·

56 1383 166 1445 dietus
187 1391 345 1445 constaret
350 1407 366 1455 ,·
396 1394 425 1445 et
447 1404 522 1465 quae
543 1403 622 1446 novo
643 1403 725 1444 more
745 1383 880 1443 iudioiurn
902 1381 1062 1442 maiestatis

57 1468 133 1546 apud
162 1468 299 1546 populum
325 1468 428 1528 mulier
453 1469 555 1546 subiit,
584 1469 660 1548 quod
680 1469 710 1528 in
730 1467 861 1527 oonlerta
883 1464 1062 1525 multitudine

12 1559 46 1625 ‚¹⁵
57 1570 148 1629 aegre
166 1552 345 1629 procedente
363 1562 503 1632 carpento
519 1553 614 1632 palam
630 1560 796 1633 optaverat,
819 1557 853 1610 ut
866 1549 972 1630 frater
986 1564 1063 1608 suus

11 1638 14 1649 ’
55 1635 189 1697 Pulcher
209 1638 416 1697 reuiuesceret
436 1645 528 1717 utque
543 1638 653 1698 iterum
667 1637 799 1698 classem
814 1636 979 1709 omitteret,
1002 1648 1062 1712 quo

54 1721 158 1781 minor
183 1719 277 1780 turha
300 1720 420 1781 Romae
443 1721 536 1799 foret.
582 1722 738 1782 Praeterea
772 1720 980 1779 notatissimum
1007 1725 1062 1792 est,

56 1803 197 1865 Claudios
214 1806 317 1880 omnis,
334 1815 462 1885 excepto
479 1806 634 1866 dumtaxat
648 1805 680 1865 P.
699 1803 821 1879 Clodio,
839 1804 886 1881 qui
901 1801 940 1861 ob
960 1798 1062 1878 expel-

55 1888 173 1948 lendum
195 1889 266 1948 urbe
283 1887 456 1950 Ciceronem
471 1890 589 1967 plebeio
606 1889 712 1949 homini
729 1896 814 1966 atque
830 1887 915 1946 etiam
930 1893 997 1944 natu
1013 1883 1062 1941 mi-

10 1977 45 2025 δῦ
56 1974 123 2032 nori
142 1973 170 2029 in
188 1971 373 2052 adoptionem
388 1992 420 2033 se
437 1973 530 2050 dedit,
547 1975 701 2050 optimates
717 1971 944 2047 adsertoresque
961 1969 1064 2026 uuieos

56 2056 208 2133 dignitatis
240 2074 276 2116 ao
306 2058 453 2135 potentiae
480 2056 664 2135 patriciorum
692 2070 810 2132 semper
838 2053 943 2128 luisse,
978 2059 1066 2126 atque

55 2138 201 2202 adversus
217 2139 333 2217 plebem
345 2140 421 2201 adeo
437 2140 583 2200 violentos
599 2147 629 2198 et
644 2148 844 2212 contumaees,
860 2144 890 2194 ut
905 2152 943 2194 ne
961 2132 1065 2210 eapitis

56 2221 175 2304 quidem
198 2224 348 2301 qnisquam
362 2242 431 2284 reus
448 2223 524 2302 apud
545 2222 684 2302 populum
698 2231 809 2281 mutare
825 2228 937 2278 vestem
954 2225 1002 2278 aut
1017 2215 1066 2275 de·

55 2307 177 2388 preoari
192 2308 372 2378 sustinuerit;
390 2307 520 2367 nonnulli
534 2308 562 2365 in
577 2306 769 2366 altereatione
785 2314 814 2365 et
829 2305 923 2381 iurgio
935 2300 1067 2361 tribunos

11 2406 46 2452 as
57 2389 142 2472 plebi
158 2390 344 2468 pulsaverint.
377 2390 471 2452 Etiam
485 2393 569 2469 virgo
587 2391 716 2451 Vestalis
729 2389 864 2466 tratrem,
888 2387 997 2446 iniussn
1015 2400 1066 2463 po-

57 2472 122 2555 puli
145 2473 381 2552 triumphantem,
406 2492 529 2536 ascenso
552 2474 635 2535 simul
661 2491 760 2552 eumn,
782 2489 873 2553 usqne
895 2472 924 2529 in
947 2469 1066 2547 (lapito-

55 2559 128 2619 lium
148 2567 304 2635 prosecuta
325 2569 385 2637 est,
411 2579 447 2620 ne
472 2569 573 2620 vetare
594 2567 642 2618 aut
662 2557 845 2619 intercedere
866 2555 913 2616 fas
934 2554 1068 2636 ouiquum

56 2641 237 2701 tribunorum
253 2652 340 2703 esset.

124 2723 171 2784 Ex
190 2725 245 2785 hao
270 2729 361 2806 stirpe
381 2727 515 2788 'liberius
537 2725 648 2788 Caesar
668 2743 762 2804 genus
785 2723 887 2801 trahit,
908 2732 938 2782 et
952 2718 1096 2799 quidema

16 2824 47 2867 ao
60 2817 229 2888 utrumqne:
252 2820 401 2888 paternum
416 2831 432 2872 a
449 2810 568 2871 Tiberio
584 2811 719 2887 Nerone,
741 2806 902 2870 maternum
917 2805 953 2865 ab
967 2803 1068 2882 Appio

61 2891 203 2970 Pulohro,
225 2895 273 2971 qui
295 2894 379 2955 ambo
395 2895 474 2973 Appi
492 2894 581 2955 Casei
602 2895 653 2955 lilii
672 2895 796 2954 luerunt.
828 2890 957 2950 lnsertus
979 2895 1025 2946 est
1040 2893 1071 2945 et

60 2975 207 3037 hiviorum
227 2977 366 3055 lamiliae,
391 2978 529 3057 adoptato
551 2980 579 3037 in
603 2996 666 3038 eam
682 2987 812 3037 materno
828 2991 894 3035 avo.
928 2973 1011 3048 Quae
1027 2970 1069 3029 la·

61 3059 156 3138 milia,
182 3079 345 3140 quanquam
368 3061 502 3141 plebeia,
528 3072 623 3123 tamen
648 3063 762 3140 etipsa
788 3056 939 3120 admodum
962 3054 1069 3131 floruit,

63 3153 136 3204 ooto,
149 3145 368 3222 consulatibus,
392 3148 524 3206 censuris
540 3146 667 3222 duabus,
689 3143 841 3222 triumphis
854 3140 962 3215 trihus,
981 3139 1068 3198 dieta·

24 3241 54 3284 as
65 3235 127 3288 tura
151 3230 237 3289 etiam
258 3248 294 3290 ao
310 3230 479 3308 magisterio
496 3231 622 3310 equitum
635 3229 793 3296 honorata;
815 3225 893 3286 olara
908 3233 937 3284 et
951 3221 1069 3300 insigui-

62 3310 117 3372 bus
136 3315 225 3390 viris,
249 3333 284 3374 ao
304 3315 429 3375 maxime
450 3315 612 3375 Salinatore
634 3313 804 3391 Drusisque.
844 3309 989 3369 Salinator
1010 3305 1068 3365 nni-

63 3413 166 3458 versas
187 3398 279 3459 trihus
294 3401 323 3458 in
340 3417 463 3460 eensura
477 3399 588 3458 notavit
602 3397 728 3458 levitatis
742 3394 874 3471 nomine,
894 3388 985 3472 quod,
1006 3407 1069 3449 eum

64 3497 97 3540 se
118 3491 187 3563 post
206 3485 334 3563 priorem
356 3483 535 3545 consulatum
558 3482 645 3542 multa
667 3483 801 3550 inrogata
818 3477 1070 3543 condemnassent,
