2286 3944
348 234 453 282 cruos
476 233 667 282 accusans.
962 221 1001 286 81

40 393 187 451 Sumenti
209 390 324 451 virilem
346 397 445 467 togam
466 391 562 450 tunica
578 389 628 449 lati
647 391 736 469 clavi,
758 399 856 452 resuta
872 408 911 450 ex
926 398 1003 450 utra·

10 494 53 556 jue
71 483 169 555 parto,
195 475 231 534 ad
255 475 346 553 pedes
368 473 483 533 decidit.
515 474 642 534 Fuerunt
663 477 711 553 qui
732 477 1001 556 interpretarentur,

10 577 54 620 on
76 559 153 619 alind
171 560 353 637 significare,
376 575 460 636 quam
474 567 504 618 ut
520 561 545 617 is
561 557 634 618 ordo
651 561 731 619 cuius
746 561 860 638 insigne
878 559 907 618 id
922 568 1002 619 esset

10 642 170 723 [nandoque
187 645 214 702 ei
229 643 418 703 subiceretur.

53 727 141 806 Apud
163 727 297 788 Mundam
316 726 407 786 Divus
428 724 532 803 lulius,
557 727 660 788 castris
680 728 776 788 locum
797 728 916 807 capiens
938 745 1002 787 cum

10 813 99 872 ilvam
128 811 281 888 caederet,
308 811 443 870 arborem
470 810 584 889 palmae
604 821 751 891 repertam
777 812 1002 871 conservarint

12 914 81 958 mon
103 897 244 957 victoriae
265 896 361 966 iussit;
385 913 423 954 ex
444 913 479 954 ea
494 896 631 955 continuo
647 905 731 956 enata
749 895 869 956 suboles
884 894 957 954 adeo
973 896 1019 952 in'

13 981 96 1042 aucis
112 979 214 1040 diebus
227 979 373 1056 adolevit,
395 988 426 1038 ut
446 995 504 1038 non
519 980 724 1058 aequiperaret
738 980 825 1040 modo
841 980 1001 1056 matricem,

12 1083 93 1137 erum
126 1073 156 1124 et
185 1064 341 1142 obtegeret
371 1063 664 1143 frequentareturque
691 1064 888 1124 columbarum
914 1064 1000 1141 nidis,

10 1149 125 1209 ‘numnis
146 1146 176 1207 id
198 1150 291 1209 avium
313 1166 406 1225 genus
423 1147 521 1208 duram
538 1156 567 1206 et
582 1166 716 1228 asperam
730 1149 863 1208 frondem
877 1149 1001 1208 maxime

10 1236 72 1293 itet.
103 1232 158 1292 lllo
177 1241 206 1292 et
227 1234 387 1312 praecipue
404 1240 519 1291 ostento
535 1242 641 1292 motum
658 1230 816 1294 Caesarem
830 1234 940 1309 lerunt,
963 1251 1000 1293 ne

10 1335 78 1378 uem
93 1317 177 1377 alium
194 1316 249 1376 sibi
264 1316 426 1376 succedere
443 1333 528 1394 quam
544 1319 655 1377 sororis
670 1326 808 1396 nepotem
824 1317 923 1377 vellet.

50 1400 85 1461 ln
109 1419 230 1461 secessu
249 1400 427 1478 Apolloniae
444 1400 611 1477 Theogenis
633 1401 826 1463 mathematici
847 1401 1000 1479 pergulam

10 1487 98 1546 omite
114 1485 247 1565 Agrippa
271 1485 458 1553 ascenderat;
483 1502 546 1542 cum
561 1486 731 1564 Agrippae,
756 1487 804 1565 qui
827 1488 906 1564 prior
931 1502 999 1545 oon·

10 1568 122 1646 ulebat,
139 1587 243 1646 magna
262 1578 291 1629 et
304 1587 398 1648 paene
414 1567 594 1630 incredibilia
609 1570 857 1648 praedicerentur,
872 1571 998 1630 reticere

10 1672 56 1714 rse
72 1655 233 1731 genituram
249 1672 329 1713 suam
344 1671 400 1712 nec
419 1652 497 1712 velle
515 1653 603 1714 edere
620 1655 848 1733 perseverabat,
869 1663 946 1714 metu
963 1673 999 1714 ao

10 1737 103 1798 udore
119 1756 156 1797 ne
173 1740 266 1798 minor
280 1738 467 1796 inveniretur.
499 1737 561 1812 Qua
578 1747 673 1798 tamen
691 1749 759 1818 post
773 1739 877 1799 multas
893 1738 999 1798 adhor-

10 1823 116 1882 rtiones
130 1822 180 1881 vix
196 1831 224 1881 et
240 1830 407 1881 cunctanter
425 1820 517 1897 edita,
534 1823 645 1882 exilivit
661 1823 837 1901 Theogenes
855 1823 998 1883 adoravit·

10 1924 47 1966 ue
71 1923 144 1964 eum.
183 1906 301 1965 Tantam
321 1922 389 1965 mox
415 1905 547 1966 fiduciam
572 1907 624 1966 fati
651 1906 800 1984 Augustus
826 1906 941 1982 habuit,
968 1914 999 1964 ut

10 2008 86 2050 rema
109 2008 189 2049 snum
208 1990 373 2068 vulgaverit
394 2008 592 2068 nummumque
613 1997 783 2068 argenteum
804 2000 872 2050 nota
894 1989 998 2049 sideris

10 2075 178 2154 apricorni,
197 2091 254 2153 quo
270 2083 352 2134 natus
369 2082 430 2150 est,
446 2075 635 2152 percusserit.

52 2158 123 2218 Post
137 2176 239 2218 necem
257 2157 393 2218 Caesaris
408 2175 531 2217 reverso
549 2157 584 2216 ab
597 2157 756 2237 Apollonia
772 2166 802 2216 at
816 2156 998 2234 ingrediente
1005 2166 1041 2222 9⁶

10 2261 24 2304 o
48 2241 165 2319 urbem,
185 2251 308 2321 repente
329 2241 437 2320 liquido
460 2259 495 2301 ac
513 2259 586 2320 puro
609 2258 714 2302 sereno
732 2241 858 2300 circulus
879 2241 915 2300 ad
931 2257 996 2318 spo·

10 2329 64 2387 iem
87 2326 224 2386 caelestis
246 2345 332 2386 arcus
355 2326 456 2384 orbem
477 2326 548 2385 solis
570 2326 685 2403 ambiit,
711 2344 745 2386 ac
767 2324 887 2385 subinde
907 2324 997 2384 Iuliae

10 2410 128 2473 laesuris
150 2410 226 2471 liliae
244 2413 447 2470 monimentum
467 2410 585 2469 fulmine
608 2413 694 2470 ictum
710 2419 763 2470 est.
790 2409 885 2470 Primo
902 2417 996 2470 autem

10 2494 142 2557 onsulatu
167 2503 196 2555 et
217 2496 365 2572 augurium
389 2496 515 2572 capienti
531 2495 682 2555 duodecim
698 2514 731 2555 se
747 2494 876 2555 vultures
890 2502 921 2554 ut
937 2493 995 2554 Ro·

10 2579 65 2640 rulo
85 2578 289 2655 ostenderunt,
311 2588 340 2638 et
357 2578 512 2638 immolanti
534 2581 657 2639 omnium
672 2580 851 2640 victimarum
866 2580 997 2639 iocinera

10 2664 130 2744 aplicata
141 2664 315 2723 intrinsecus
330 2662 364 2722 ab
378 2664 433 2721 ima
445 2662 517 2723 libra
529 2673 696 2743 paruerunt,
712 2666 826 2723 nemine
838 2664 997 2742 peritorum

10 2747 74 2808 liter
90 2747 253 2807 coiectante
268 2765 352 2826 quam
367 2747 444 2807 laeta
459 2765 513 2826 per
526 2747 600 2807 hacc
615 2757 644 2808 et
659 2766 763 2825 magna
778 2746 921 2826 portendi.

51 2831 127 2906 Quin
150 2840 178 2890 et
194 2831 338 2891 bellorum
356 2833 480 2890 omnium
496 2842 618 2892 eventus
632 2841 698 2891 ante
715 2832 887 2911 praesensit.
920 2827 1038 2900 Gon-95

10 2916 90 2975 actis
105 2914 140 2974 ad
154 2914 313 2975 Bononiam
328 2917 538 2975 triumvirorum
555 2917 666 2996 copiis,
683 2917 780 2994 aquila
792 2915 916 2975 tentorio
934 2915 995 2972 eius

10 2998 186 3078 rpersedens
201 3000 273 3059 duos
290 3017 395 3059 corvos
409 2998 475 3060 hinc
491 3009 520 3059 et
535 3000 600 3060 inde
615 3001 778 3059 infestantis
794 2998 897 3058 alllixit
915 3006 944 3057 et
960 2994 996 3057 ad

10 3101 96 3142 trram
111 3082 203 3154 dedit;
221 3093 339 3144 notante
355 3084 431 3143 omui
447 3086 586 3160 exercitu,
603 3084 724 3143 futuram
737 3081 910 3162 quandoque
922 3082 996 3141 inter

10 3167 123 3244 allegas
140 3167 312 3228 discordiam
328 3168 415 3227 talem
431 3168 525 3246 qualis
541 3176 642 3227 secuta
657 3177 717 3243 est,
739 3176 768 3227 et
787 3168 894 3226 exitum
911 3183 994 3244 prae·

10 3253 132 3328 ugiente.
156 3252 298 3331 Philippis
314 3251 473 3312 Thessalus
490 3251 602 3329 quidam
618 3251 654 3310 de
670 3252 763 3311 lutura
780 3249 902 3310 victoria
925 3268 993 3310 nun·

10 3337 68 3395 avit
90 3345 211 3396 auctore
226 3336 301 3396 Divo
318 3334 464 3412 Caesare,
487 3336 566 3394 cuius
588 3335 643 3394 sibi
664 3337 782 3414 species
804 3334 908 3394 itinere
930 3333 988 3396 avit

10 3422 175 3480 courrisset.

52 3501 139 3565 Circa
155 3504 320 3581 Perusiam,
345 3505 489 3565 sacrificio
507 3520 564 3564 non
579 3503 670 3564 litanti
690 3522 753 3564 cum
770 3505 872 3582 augeri
886 3505 948 3565 host

10 3608 150 3647 ¹usroruus.
768 3590 788 3647 6
