2286 3944
48 196 107 256 188
135 208 166 256 c.
182 206 332 256 sunrorn
351 207 480 266 mano.
496 206 544 252 ns
558 205 642 252 mna
657 204 844 254 cnnsnnnns
859 206 931 254 nro.
944 207 981 254 vr

48 366 210 438 iturumque
236 361 332 438 potius
353 377 439 438 quam
458 361 620 419 nociturum
638 360 675 422 ci.
711 358 806 418 Burro
826 361 1010 436 praelector

47 444 170 505 medium
185 443 222 503 ad
242 443 344 502 fauces
365 443 529 521 pollicitus,
551 444 680 502 toxicum
701 443 787 501 misit.
821 441 959 502 Libertos
979 442 1010 502 di

48 539 93 590 tes
108 536 138 587 et
155 546 258 603 senes,
273 528 341 586 olim
355 525 521 604 adoptionis
536 542 605 585 mon
619 524 822 586 dominationis
836 544 909 586 suae
924 526 1010 586 lantor

49 621 135 690 atque
149 620 295 686 rectores,
317 626 449 687 veneno,
474 611 576 688 partim
600 608 673 668 cibis
696 610 800 686 partim
820 610 988 689 potionibus
1008 628 1010 667 r

50 695 127 770 dito,
140 695 304 772 intercepit.

8 793 43 849 36
112 777 177 838 Nec
197 779 310 837 minore
330 777 452 838 saevitia
471 776 543 835 loris
563 785 593 835 et
618 777 647 835 in
673 785 792 836 exteros
817 785 971 854 grassatus
995 795 1009 835 e

52 863 144 924 Stella
161 863 278 937 crinita,
300 879 374 939 quae
397 863 512 919 summis
532 859 724 938 potestatibus
740 861 857 919 exitium
874 859 1010 939 portende

51 946 142 1023 vulgo
158 954 287 1024 putatur,
310 963 364 1024 per
386 946 534 1004 continuas
549 953 652 1003 noctes
668 945 737 1002 oriri
753 953 907 1022 coeperat.
938 943 1010 1002 Anni

53 1048 89 1090 ea
109 1048 159 1106 re,
182 1038 213 1087 ut
234 1027 416 1089 ex.Balbillo
441 1027 595 1103 astrologo
615 1026 729 1102 didicit,
751 1026 851 1087 solere
874 1045 965 1104 reges
984 1036 1009 1084 ta

53 1121 165 1174 ostenta
181 1111 271 1171 caede
286 1111 381 1190 aliqua
399 1111 503 1170 illustri
524 1111 645 1190 expiare
664 1119 750 1189 atque
767 1129 783 1170 a
800 1120 896 1169 semet
910 1112 938 1169 in
956 1127 1009 1187 cap

53 1213 209 1275 procerum
229 1195 397 1272 depellere,
424 1194 604 1254 nobilissimo
626 1195 730 1273 cuique
744 1193 861 1253 exitium
881 1193 1010 1254 destinav

55 1280 204 1338 enimvero
227 1277 315 1336 multo
340 1279 434 1353 magis
456 1287 484 1336 et
506 1279 588 1354 quasi
609 1295 664 1355 per
684 1279 786 1338 iustam
807 1295 925 1337 causam
941 1276 1010 1335 duab

55 1361 300 1421 coniurationibus
326 1360 525 1437 provulgatis,
553 1379 672 1439 quarum
695 1362 775 1440 prior
797 1361 951 1439 maiorque
972 1361 1010 1419 Pu

53 1445 136 1503 niana
152 1445 282 1517 Romae,
306 1444 454 1521 posterior
467 1444 615 1504 Viniciana
635 1445 794 1504 Beneventi
816 1445 942 1504 conflata
965 1453 1010 1520 atq

53 1526 167 1586 detecta
181 1535 236 1585 est.
269 1524 445 1586 coniuratio
463 1528 586 1587 vinculis
597 1529 751 1606 triplicium
767 1537 932 1587 catenarum
947 1528 1010 1587 dixe

53 1626 183 1685 oausam,
204 1627 268 1668 cum
286 1610 399 1688 quidam
414 1611 490 1670 ultro
506 1612 613 1670 crimen
628 1613 801 1689 faterentur,
816 1612 948 1672 nonnulli
966 1612 1010 1669 etis

52 1696 234 1771 imputarent,
253 1702 396 1771 tamquam
411 1694 502 1754 aliter
516 1695 564 1754 illi
575 1713 637 1755 oon
653 1701 780 1772 possent
793 1695 856 1756 cisi
868 1702 968 1756 morte
982 1711 1010 1752 sc

53 1793 180 1838 currere
200 1775 388 1838 dedecorato
410 1776 540 1857 flagitiis
561 1778 710 1839 omnibus.
741 1778 946 1839 Damnatorum
966 1777 1010 1836 libr

53 1859 125 1919 urbe
147 1861 224 1940 pulsi
249 1863 402 1939 enectique
424 1879 538 1921 veneno
559 1871 607 1920 aut
631 1863 721 1932 lame;
749 1872 879 1939 constat,
909 1860 1010 1940 quosdr

48 1963 119 2004 -cum
133 1944 314 2023 paedagogis
327 1954 356 2005 et
370 1948 499 2023 capsaris
512 1963 568 2004 uno
580 1945 699 2024 prandio
712 1947 820 2024 pariter
831 1956 961 2021 necatos,
974 1941 1010 2003 ali

55 2027 184 2088 diurnum
201 2031 305 2088 victum
321 2029 483 2108 prohibitos
498 2047 648 2107 quaerere.

12 2119 45 2176 st
117 2112 221 2172 Nullus
243 2112 366 2191 posthac
386 2113 527 2172 adhibitus
550 2113 673 2172 dilectus
688 2122 735 2172 aut
749 2113 851 2172 modus
868 2112 1010 2171 interimer

56 2214 255 2276 quoscumque
274 2197 405 2257 libuisset
427 2214 607 2275 quacumque
624 2195 659 2255 de
675 2215 771 2256 causa.
801 2196 859 2256 Sed
876 2213 914 2254 ne
931 2195 966 2254 de
987 2193 1010 2272 pl

54 2280 135 2341 ribus
149 2281 292 2357 referam,
308 2281 473 2341 Saluidieno
491 2280 581 2341 Orlito
599 2280 743 2340 obiectum
759 2289 804 2339 est
819 2279 897 2358 quod
912 2278 1010 2338 tabern

54 2373 115 2424 tres
130 2363 167 2421 de
183 2363 269 2422 domo
285 2383 335 2424 sua
353 2366 540 2424 circulorum
556 2363 718 2423 civitatibus
736 2363 772 2423 ad
788 2365 942 2423 stationem
956 2363 1010 2421 loca

55 2455 108 2521 set,
126 2443 229 2504 Cassio
245 2445 378 2522 Longino
393 2449 462 2506 iuris
478 2447 611 2508 consulto
626 2465 661 2507 ac
673 2447 825 2507 luminibus
841 2446 957 2521 orbato,
973 2463 1009 2522 qu

53 2530 82 2588 in
93 2535 195 2586 vetere
206 2529 308 2604 gentili
324 2538 474 2590 stemmate
488 2529 520 2590 C.
538 2530 622 2591 Cassi
634 2532 818 2610 percussoris
834 2528 971 2591 Caesaris
984 2530 1010 2586 in

54 2613 138 2691 gines
156 2612 335 2689 retinuisset,
360 2612 449 2673 Paeto
467 2614 614 2674 Thraseae
635 2616 746 2675 tristior
763 2623 792 2674 et
807 2613 973 2693 paedagogi
990 2632 1006 2670 v

53 2706 109 2757 tus.
142 2695 216 2756 llori
230 2696 315 2754 iussis
329 2713 387 2755 non
401 2697 524 2775 amplius
543 2716 628 2777 quam
648 2698 783 2758 horarum
803 2699 926 2777 spatium
949 2695 1010 2755 dab:

54 2799 90 2841 ac
106 2798 142 2839 ne
159 2778 227 2857 quid
242 2796 341 2838 morae
358 2780 559 2860 interveniret,
580 2782 711 2842 medicos
730 2781 902 2842 admovebat
919 2781 968 2857 qui
984 2798 1010 2838 cr

56 2874 166 2925 ctantes
187 2864 321 2923 continuo
344 2874 477 2925 curarent
497 2867 551 2946 (ita
567 2867 641 2926 enim
662 2866 822 2926 vocabatur
840 2883 931 2924 venas
951 2881 1010 2922 mor

54 2950 146 3025 gratia
162 2947 319 3025 incidere).
350 2947 483 3009 Creditur
505 2951 589 3010 etiam
606 2949 775 3028 polyphago
793 2948 904 3010 cuidam
920 2947 1009 3024 Aegy

53 3033 189 3109 generis,
218 3031 334 3092 crudam
360 3051 475 3093 carnem
500 3043 529 3092 et
551 3033 688 3112 quidquid
710 3033 824 3094 daretur
845 3031 982 3092 mandere
1007 3051 1010 3088 =

53 3125 152 3192 sueto,
177 3117 350 3194 concupisse
375 3120 459 3176 vivos
479 3116 608 3177 homines
632 3117 781 3177 laniandos
796 3114 1010 3191 absumendosq

54 3196 183 3258 obicere.
216 3198 317 3259 Elatus
338 3200 508 3278 inflatusque
528 3202 613 3261 tantis
634 3201 714 3261 velut
735 3200 937 3275 successibus,
959 3216 1010 3274 neg

51 3280 92 3337 vit
110 3299 291 3362 quemquam
303 3284 480 3362 principum
500 3285 598 3345 scisse
617 3284 692 3363 quid
710 3284 773 3345 sibi
789 3285 910 3359 liceret,
932 3282 1010 3341 mult:

52 3379 109 3439 que
126 3381 182 3421 nec
197 3364 297 3424 dubias
318 3369 545 3442 significationes
566 3386 655 3445 saepe
676 3369 761 3443 iecit,
785 3387 821 3426 ne
843 3368 966 3444 reliquis
986 3383 1005 3443 q

52 3444 114 3504 dem
133 3463 164 3490 ⁶⁰
186 3463 336 3494 ffin'tr'nm
359 3450 540 3494 annularibus
586 3468 698 3494 *mmmm
720 3451 848 3509 η-Ίίπςῃ]
871 3450 1010 3511 sublatum
