2286 3944
426 227 633 286 uunuusuro.
936 229 974 275 rx

88 390 157 455 eret,
179 387 336 441 etiamnunc
350 391 498 456 uemntem,
519 384 587 441 satis
609 387 685 442 clere
705 402 881 456 cognoscere
907 385 973 442 mibi

88 470 185 540 ideor,
203 469 275 526 buud
291 469 330 525 ita
341 470 478 526 benevole
497 468 607 540 quidem
623 469 747 526 sensisse
763 470 798 525 do
813 470 973 542 Tranquillo

89 559 251 622 centonem,
270 553 330 608 ⁴sed
349 552 457 608 biarcus
480 552 565 608 credo
587 551 715 609 iniuriam
738 554 771 610 ab
796 570 848 610 avo
869 553 973 610 illatum

88 635 199 707 upidior
218 635 271 690 ruit
285 636 432 707 reparandi
448 651 528 707 quam
544 636 732 692 continuandi.
767 635 874 692 Licebit
887 636 973 708 igitur

88 718 249 788 xistimare‚
274 734 328 773 non
345 719 469 775 defuisse
490 717 594 790 optimo
611 719 672 774 seni
693 736 744 790 per
763 725 912 776 extremam
928 737 973 774 se-

89 806 210 857 ectutem
223 801 340 872 gratiam
354 801 567 858 Antoninorum.

133 884 174 939 De
193 885 346 956 seriptis
363 883 490 942 Suetonii
508 884 689 957 expositurus
708 901 769 940 eum
788 885 913 941 ordinem
928 903 974 941 se-

89 984 155 1037 uer,
173 974 202 1023 ut
224 967 340 1040 primum
362 969 397 1025 de
418 969 454 1024 iis
471 969 560 1024 dicam
581 985 653 1039 quae
675 975 840 1040 supersunt,
860 969 923 1024 dein
939 970 974 1024 de

88 1051 189 1108 missis.
226 1051 333 1108 Prioris
348 1052 462 1123 generis
477 1053 532 1108 duo
549 1058 629 1121 sunt,
648 1052 698 1107 sed
713 1068 748 1106 ue
763 1069 796 1108 ea
812 1052 923 1123 quidem
939 1053 973 1108 ab

89 1134 143 1190 mni
160 1140 240 1206 parte
256 1134 386 1205 integrm
408 1152 469 1192 nam
485 1136 520 1191 de
539 1136 596 1192 vita
613 1133 762 1191 Caesarum
784 1135 850 1191 libri
867 1136 974 1207 priuci-

89 1219 118 1274 io
134 1224 246 1288 carent,
267 1218 380 1274 libellus
401 1219 436 1274 de
452 1218 641 1276 Grammaticis
657 1223 685 1274 et
699 1219 859 1275 rhetoribus
881 1221 943 1274 tine.

133 1302 179 1356 De
200 1301 275 1357 vita
306 1300 501 1358 caesarum
521 1303 610 1358 libros
634 1307 699 1357 octo
724 1301 864 1358 Hadriano
886 1303 1132 1399 1111116-ξὲὢῆοίἷὲ

88 1392 149 1441 ante
165 1385 257 1440 editos
278 1402 360 1455 asse,
382 1385 436 1442 iam
452 1386 518 1441 oiim
540 1403 555 1440 e
575 1384 647 1440 locis
663 1402 689 1457 p.
709 1391 778 1455 254,
799 1392 818 1446 8
838 1392 866 1442 et
879 1391 924 1457 40,
939 1392 974 1444 21
984 1419 1004 1448 a.
1021 1406 1057 1447 rao
1071 1405 1133 1450 sura.

88 1469 241 1524 itellectum
260 1475 319 1533 est;
340 1469 390 1524 sed
411 1469 524 1525 invento
542 1470 648 1524 demum
662 1469 731 1538 Lydi
750 1469 841 1540 libro,
862 1471 908 1542 qui
931 1477 975 1527 est

90 1568 106 1607 e
132 1551 341 1622 magistratibus
362 1553 559 1622 Romanorum,
582 1551 696 1608 Parisiis
722 1552 814 1609 editus
842 1570 867 1609 a.
895 1560 974 1625 1812,

88 1634 138 1690 ciri
164 1634 255 1707 potuit
279 1651 334 1690 non
358 1636 414 1691 alio
436 1651 526 1692 anno
552 1651 632 1706 quam
654 1641 722 1693 120
747 1637 877 1706 vulgatos
898 1653 971 1692 esse.

89 1718 160 1789 ydus
187 1717 274 1787 enirn,
294 1718 514 1775 studiosissimus
542 1719 694 1790 Tranquilli
719 1713 824 1790 (verbi
852 1719 973 1792 repetivi

91 1842 97 1856 .
120 1807 186 1869 286,
208 1799 240 1875 2)
268 1801 416 1859 Caesarum
436 1803 508 1859 vitas
529 1803 634 1859 dicatas
658 1803 698 1858 ait
726 1801 862 1874 Septimio
890 1821 973 1875 prae-

88 1891 146 1941 ecto
164 1885 319 1940 cohortium
335 1885 581 1957 praetorianarum.
627 1885 667 1941 Eo
683 1886 747 1941 loco
768 1903 821 1958 pro
836 1887 972 1958 Septimio
1072 1933 1074 1938 .

88 1967 223 2040 teptieium
243 1970 432 2039 reponendum
451 1985 514 2024 esse
531 1985 592 2024 eum
613 1969 648 2024 de
665 1985 720 2039 quo
737 1986 820 2040 supra
843 1971 973 2039 diximus,

90 2052 174 2107 rimus
188 2051 209 2106 1.
223 2051 254 2108 D.
265 2051 334 2107 Fuss
349 2051 378 2106 in
392 2051 513 2124 epistola
529 2052 564 2106 ad
579 2051 691 2106 Hcsium
704 2052 800 2106 Leodii
817 2059 885 2111 1820
899 2053 973 2108 edita

90 2134 182 2204 ocuit,
203 2140 304 2206 postea
318 2134 395 2190 multi
412 2133 537 2189 certatim
548 2135 788 2198 ·demonstrarunt;
805 2151 837 2191 ac
853 2135 974 2190 fortasse

90 2217 247 2290 epeocavit
261 2216 370 2288 quidem
387 2217 536 2286 librarius,
559 2233 620 2272 cum
635 2217 702 2285 Lydi
724 2217 814 2273 codex
833 2217 974 2274 Parisinus

88 2302 169 2374 tuppt.
184 2317 279 2372 graec.
299 2318 326 2358 n.
337 2294 403 2362 257.
421 2307 474 2357 tam
490 2301 573 2357 foede
591 2301 804 2357 commaculatus
820 2317 852 2374 ae
868 2300 974 2357 dilace-

88 2392 147 2442 ntus
163 2384 216 2455 sit,
238 2391 268 2439 ut
285 2401 318 2440 ea
338 2385 461 2442 litterula
477 2391 588 2441 essetne
604 2402 622 2439 κ
638 2401 672 2441 au
687 2403 708 2456 μ
723 2384 850 2456 equidem
866 2385 974 2440 discer-

90 2485 139 2524 ere
168 2484 223 2524 uon
253 2467 396 2540 quiverim.
441 2469 468 2524 ls
498 2468 637 2540 Septicius
667 2485 727 2524 cum
756 2486 806 2540 per
834 2469 973 2524 biennium

89 2594 96 2610 .
112 2558 256 2612 lle-121
272 2553 448 2623 praefectura
464 2553 573 2607 iunctus
589 2553 642 2622 sit,
656 2551 710 2607 iam
725 2553 815 2607 nullus
832 2552 974 2607 dubitandi

88 2653 151 2693 teus
169 2635 285 2691 relictus
301 2641 352 2690 est.

136 2719 192 2775 Sed
213 2719 351 2789 Lydianus
374 2720 453 2774 locus
480 2734 535 2774 non
558 2719 646 2774 minus
668 2719 810 2774 commode
835 2719 863 2773 in
886 2709 1120 2783 lueemoiue'qtutor

89 2804 186 2859 mersit
207 2803 241 2858 ad
259 2803 340 2859 aliam
356 2803 499 2858 doctorum
515 2803 652 2857 hominum
673 2802 892 2858 controversiam
907 2801 976 2856 diri-

88 2888 213 2955 rcndam‚
241 2902 311 2956 quae
330 2887 365 2940 de
393 2885 578 2957 principio
605 2886 752 2942 Caesarum
783 2886 915 2940 amisso
941 2901 974 2940 an

89 2977 184 3026 xtante
206 2969 371 3039 agitabatur.
416 2968 539 3023 Mutilum
562 2986 625 3024 esse
647 2969 761 3040 primum
782 2968 883 3023 librum
900 2967 976 3023 docti

88 3054 174 3109 ‚udum
196 3052 326 3108 viderunt
346 3058 374 3106 et
397 3051 478 3124 primi
503 3051 612 3122 quidem
640 3051 843 3106 commemorati
867 3052 900 3106 ab
923 3051 976 3106 na-

88 3137 173 3193 chaele
196 3137 381 3192 Volaterrano
407 3135 664 3191 commentariorum
687 3136 853 3190 urbanorum
874 3134 975 3188 Romae

88 3262 98 3274 ,.
116 3225 184 3280 1506
200 3220 336 3275 editorum
352 3220 424 3274 libro
442 3225 490 3288 19,
506 3219 584 3273 cuius
601 3220 671 3272 haee
686 3223 749 3273 sunt
762 3217 862 3272 verba:
881 3215 975 3286 Opbcio

88 3304 314 3358 *rammoticorum
336 3303 528 3357 nonnullorum
545 3309 586 3356 est
603 3304 727 3372 primum
748 3301 829 3356 citum
847 3301 975 3357 Caesaris

88 3388 150 3443 :oud
165 3389 298 3458 inicorum
319 3387 453 3458 reperiri,
477 3401 539 3440 cum
553 3387 696 3441 verisimile
710 3401 765 3440 non
779 3386 813 3439 sit
826 3386 913 3455 ipsus
933 3385 974 3438 in-

88 3470 212 3526 unabuta
235 3472 344 3542 ueneris
370 3470 489 3524 tacuisse
507 3469 628 3540 adeoque
645 3484 682 3524 ex
708 3468 823 3540 abrupto
846 3481 975 3524 exorsum
