2286 3944
122 243 186 305 242
215 254 245 301 c.
262 250 410 301 snsronr
429 248 557 308 nasso
572 247 621 294 ns
637 246 721 295 mus
739 245 927 297 caussarum
943 250 1014 299 bun.
1030 251 1100 298 rur.

124 407 289 484 transtulit)
315 414 443 465 ceterum
468 421 582 464 omnem
607 403 665 462 vim
690 403 893 462 dominationis
924 413 984 464 tam
1008 405 1126 466 licenter

125 494 266 567 exercuit,
285 492 382 549 utiam
398 497 455 548 tum
473 487 566 566 qualis
577 487 688 546 loturus
700 494 781 546 esset
793 487 976 548 ostenderet.
1003 489 1031 549 N
1033 507 1049 548 e
1062 507 1122 549 exe

126 596 197 656 quar
209 575 334 651 singula,
349 572 536 632 contractatis
551 569 702 630 multorum
717 570 873 647 uxoribus,
885 571 1042 633 Domitiam
1056 573 1120 633 Lon·

124 663 220 739 ginam
241 658 329 717 Aelio
345 658 459 716 Lamiae
480 664 596 733 nuptam
621 656 706 713 etiam
728 657 757 713 in
769 656 984 716 matrimonium
1001 656 1118 734 abduxit,

125 755 210 824 atque
226 759 282 801 uno
299 742 345 800 die
361 758 449 818 super
465 738 529 798 XX.
547 739 644 797 oliicia
658 737 766 798 urbana
787 747 834 798 aut
855 741 1015 817 peregrina
1037 741 1140 803 distrit-

125 829 196 905 bnit,
213 827 370 886 mirariue
381 823 563 901 Vespasiano
576 821 734 898 dictitante,
750 822 832 901 quod
842 841 1116 886 successoremoon
1139 831 1143 910 l

91 911 230 990 petst‘bs'
249 912 387 970 mitteret.
431 907 654 984 Expeditionem
678 923 794 984 quoque
814 909 841 965 in
866 906 991 968 Galliam
1013 908 1114 969 Germa·

126 999 245 1075 uiasque
260 1012 354 1073 neque
367 991 560 1052 necessariam
576 998 605 1049 et
626 989 856 1050 dissuadentibus
877 994 1009 1071 paternis
1030 993 1113 1052 amicis

23 1094 27 1101 ·
126 1080 283 1154 inchoavit,
301 1086 407 1136 tantum
422 1084 452 1135 ut
465 1075 545 1134 fratri
568 1092 601 1133 se
623 1082 651 1133 et
670 1073 775 1151 opibus
802 1083 831 1134 et
850 1074 1020 1152 dignatione
1043 1075 1112 1135 adae

147 1172 237 1223 naret.

127 1184 145 1244 q
190 1247 233 1306 Ob
248 1245 322 1305 haec
340 1251 510 1321 correptus,
533 1260 591 1320 quo
606 1244 699 1319 magis
720 1251 750 1302 et
771 1244 874 1303 aetatis
897 1253 927 1304 et
953 1246 1111 1306 conditionis

126 1331 338 1404 admoueretur,
354 1325 499 1385 habitabat
516 1345 578 1385 curn
595 1335 677 1405 patre
691 1344 755 1403 una,
769 1327 929 1406 sellamque
950 1331 1013 1388 eius
1024 1331 1110 1389 aclra·
1133 1394 1136 1399 ,

38 1418 42 1425 ’
125 1417 194 1490 tris,
218 1414 350 1491 quotiens
373 1409 541 1488 prodirent,
576 1410 680 1470 lectica
702 1410 878 1489 sequebatur
899 1429 934 1472 ac
955 1413 1111 1492 triumphurn

124 1499 272 1574 utriusque
290 1494 435 1553 Iudaicum
452 1509 528 1571 equo
545 1492 613 1553 albo
630 1496 780 1553 comitatus
797 1503 851 1554 est.
889 1494 921 1554 lu
944 1515 999 1557 sex
1023 1515 1110 1557 consu·
1140 1529 1142 1538 ·

124 1580 230 1642 latibus
246 1579 359 1637 nonnisi
381 1595 465 1635 unum
489 1576 662 1637 ordinarium
681 1579 788 1655 gessit,
805 1596 927 1657 eumque
948 1581 1110 1641 cedentem

125 1665 301 1740 suffragante
316 1662 416 1721 fratre.
448 1660 596 1720 Simulavit
612 1671 640 1721 et
655 1663 718 1740 ipse
734 1664 805 1721 mire
819 1662 1006 1742 modestiam,
1025 1666 1051 1723 in
1066 1666 1109 1744 pri·
1140 1699 1142 1734 ;

124 1749 236 1826 misque
253 1747 387 1823 poeticae
404 1744 536 1820 studium,
552 1755 608 1806 tam
620 1746 761 1805 insuetum
778 1755 862 1806 antea
877 1747 932 1807 sibi
950 1767 1034 1827 quam
1045 1757 1109 1828 post·
1140 1781 1142 1793 ·

126 1850 161 1892 ea
182 1841 310 1909 spretum
334 1838 363 1888 et
391 1829 550 1904 abiectum,
575 1830 765 1907 recitavitque
787 1831 872 1890 etiam
897 1831 1025 1909 publice.
1060 1832 1110 1892 Nec

126 1925 221 1976 tamen
236 1933 271 1974 eo
289 1915 389 1990 setius,
406 1931 469 1974 cum
485 1913 672 1990 Vologaesus
688 1912 857 1973 Parthorum
876 1933 929 1974 rex
950 1917 1055 1977 auxilia
1075 1915 1109 1975 ad·

36 1996 41 2003 '
125 2019 229 2060 versus
244 1999 356 2059 Alanos
371 1997 530 2076 ducemque
547 1997 666 2056 alterum
681 2015 718 2056 ex
734 1999 906 2076 Vespasiani
918 1999 1020 2061 liberis
1035 2001 1109 2080 depo

126 2087 282 2164 poscisset,
300 2084 375 2142 omni
391 2100 448 2161 ope
465 2080 612 2141 contendit
628 2090 657 2140 ut
672 2083 737 2159 ipse
752 2083 931 2160 potissimum
947 2086 1109 2148 mitteretur;
1142 2129 1143 2140 ,

127 2179 155 2228 et
169 2171 233 2247 quia
249 2168 379 2227 discussa
396 2185 444 2225 res
460 2173 514 2241 est,
531 2164 603 2225 alios
619 2164 744 2224 Orientis
764 2183 851 2242 reges
875 2175 905 2226 ut
926 2167 1003 2227 idem
1026 2177 1110 2247 postu·

126 2252 220 2312 larent
239 2251 321 2311 donis
336 2269 371 2310 ac
389 2247 645 2328 pollicitationibus
661 2247 820 2309 sollicitare
836 2253 997 2330 temptavit.

187 2335 271 2394 Patre
288 2335 435 2411 deiuncto,
453 2333 499 2392 diu
515 2341 666 2392 cunctatus.
679 2350 714 2392 au
729 2331 844 2411 duplum
862 2333 1027 2394 donativum
1043 2333 1111 2394 militi
1140 2364 1142 2369 ·

126 2419 262 2493 ollerret,
284 2435 433 2495 numquam
448 2419 555 2476 iactare
577 2416 714 2475 dubitavit
735 2416 875 2477 relictum
889 2435 924 2478 se
937 2419 1111 2498 participes

124 2501 255 2578 imperii,
270 2501 327 2560 sed
340 2499 485 2578 fraudem
501 2508 677 2560 testamento
697 2498 888 2572 adhibitam,·
910 2519 1006 2581 neque
1029 2519 1111 2563 cessa·
1140 2534 1142 2541 ·

124 2586 165 2644 vit
180 2603 218 2643 err
235 2601 272 2642 eo
288 2584 405 2643 insidias
422 2593 532 2643 struere
554 2585 634 2643 iratri
654 2582 726 2643 olam
745 2585 917 2663 palamque,
941 2585 1039 2664 quoad
1061 2603 1112 2646 cor

123 2677 237 2747 reptum
252 2669 333 2745 gravi
349 2667 522 2742 valitudine,
543 2670 623 2746 prius
646 2685 729 2746 quarn
750 2669 836 2746 plane
862 2669 977 2728 elilaret
992 2671 1112 2741 animam,

126 2761 307 2833 premortuo
330 2750 426 2810 deseri
448 2752 548 2830 iussit;
575 2751 796 2831 defunctumque
816 2752 895 2812 nullo
919 2762 1113 2832 praeterquam

127 2837 355 2897 consecrationis
368 2835 479 2894 honore
495 2835 641 2913 dignatus,
662 2853 754 2914 saepe
770 2837 855 2896 etiam
875 2837 984 2914 carpsit
1000 2837 1114 2915 obliquis

126 2920 303 2980 orationibus
321 2929 349 2979 et
366 2919 478 2980 edictis.

96 3022 114 3075 3
186 3004 264 3064 lnter
278 3005 356 3064 initia
374 3005 552 3083 principatus
570 3002 676 3063 cotidie
692 3012 835 3063 secretum
858 3003 912 3062 sibi
928 3003 1064 3065 horarum
1078 3024 1114 3064 su·

125 3107 204 3148 mere
220 3088 344 3165 solebat,
359 3089 579 3168 necquicquam
596 3085 717 3166 amplius
733 3105 817 3166 quam
831 3105 945 3147 muscas
958 3097 1078 3167 captare
1088 3104 1115 3148 ac

125 3172 191 3231 stilo
218 3181 376 3251 praeacuto
403 3174 567 3250 conligere;
594 3180 624 3230 ut
647 3170 758 3232 cuidam
781 3173 989 3248 interroganti,
1008 3181 1116 3232 essetne

126 3258 189 3332 quis
206 3256 282 3315 intus
298 3274 361 3315 cum
379 3254 521 3334 Caesare,
538 3273 595 3315 non
611 3254 735 3315 absurde
750 3273 922 3334 responsum
943 3257 979 3314 sit
1000 3274 1016 3315 a
1037 3256 1115 3318 Vibio

126 3337 241 3416 Crispo,
260 3357 450 3400 nemeaeum
465 3341 594 3419 quidem.
624 3339 737 3399 Deinde
756 3357 876 3400 uxorem
896 3339 1065 3417 Domitiam,
1087 3357 1118 3399 es

124 3437 179 3499 qua
202 3422 379 3482 insecundo
403 3441 455 3483 suo
483 3424 631 3484 consulatu
654 3423 740 3482 lilium
766 3424 871 3483 tulerat
894 3423 945 3458 *⁸*
973 3423 1119 3503 alteroque

124 3519 198 3564 anno
213 3505 402 3557 consulumve
420 3506 586 3560 sumamm-
601 3504 727 3565 Μιιῐωνι,
745 3507 855 3562 ”aridis
867 3505 1014 3566 histrionis
1026 3525 1120 3568 amore
