2286 3944
408 191 514 239 nrvus
531 192 657 240 sununs.
994 184 1032 244 13

32 364 92 424 que
112 345 242 405 ordinum
263 361 373 421 genere
394 345 441 404 vel
463 347 597 406 invitatos
619 347 666 405 vel
682 355 786 425 sponte
808 346 891 406 adse
909 366 1032 409 comme·

32 428 107 489 antis
120 428 263 488 uberrimo
277 429 427 505 congiario
443 430 689 507 prosequebatur,
706 430 827 489 libertos
839 432 957 510 insuper
972 451 1032 492 ser·

32 512 177 590 culosque
191 512 345 589 cuiusque,
362 522 446 590 prout
458 512 572 572 domino
589 523 749 592 patronoue
764 523 863 590 gratus
878 517 926 593 qui
942 526 1030 576 esset.

31 596 105 657 'l'nm
126 613 241 655 reorum
262 604 309 654 aut
325 595 525 655 obaeratorum
545 606 592 656 aut
607 597 748 675 prodigae
766 598 920 658 iuventutis
940 600 1031 659 subsi-

10 679 109 745 sdium
123 680 236 738 unicum
256 697 290 738 ac
309 680 548 758 promptissimum
564 689 643 756 erat,
666 681 720 738 nisi
744 697 817 758 quos
838 683 957 757 gravior
978 684 1031 743 cri·

30 765 137 823 minum
152 763 200 822 vel
216 763 330 840 inopiae
345 763 513 822 luxuriaeue
530 763 573 822 vis
588 773 723 839 urgeret,
746 780 829 840 quam
845 773 873 822 ut
886 764 1032 826 subveniri

32 855 137 928 posset
154 865 170 906 a
192 864 239 915 se;
261 845 305 904 his
327 846 413 924 plane
426 846 520 925 palam
535 845 614 907 bello
634 847 718 907 clodi
731 865 811 924 opus
826 865 893 906 csse
908 849 1031 910 dicebat.

10 929 96 1017 stlec
119 931 229 989 minore
251 930 344 989 studio
362 947 451 1006 reges
471 939 557 1008 atque
574 931 740 1009 provincias
760 949 813 1008 per
834 940 972 991 terrarum
989 945 1075 1000 oris

31 1014 101 1074 bem
121 1012 290 1088 adliciebat,
316 1013 380 1072 aliis
402 1015 581 1092 captivorum
603 1014 679 1073 milia
701 1013 777 1073 dono
800 1014 942 1091 offerens,
971 1016 1033 1075 aliis

10 1098 106 1164 ,u'citra
121 1105 237 1156 senatus
253 1097 411 1174 populique
426 1098 640 1173 auctoritatem,
658 1114 715 1175 quo
730 1097 840 1156 vellent
855 1107 884 1156 et
900 1099 1033 1175 quotiens

33 1181 157 1256 vellent,
172 1179 287 1239 'auxilia
312 1179 497 1257 submittens,
525 1195 671 1260 superque
696 1180 795 1240 ltaliae
820 1180 1032 1259 Galliarumque

33 1263 63 1325 ct
76 1263 293 1342 Hispaniarum,
311 1263 400 1322 Asiae
417 1281 532 1341 quoque
554 1273 583 1323 et
599 1264 738 1324 Graeciae
755 1265 969 1342 potentissimas
988 1285 1031 1325 ur·

32 1347 87 1416 bes
102 1348 269 1426 praecipuis
283 1347 419 1426 operibus
431 1364 590 1416 exornans3
607 1347 715 1425 donec,
732 1349 858 1407 attonitis
873 1350 927 1408 iam
944 1351 1031 1408 omni·

33 1431 102 1507 bus,
124 1438 154 1489 et
178 1447 312 1508 quorsum
335 1430 385 1490 illa
409 1431 560 1490 tenderent
581 1432 793 1510 reputantibus,
815 1432 929 1492 Marcus
949 1431 1031 1492 Glau-

10 1515 97 1577 udins
112 1513 267 1574 Marcellus
290 1515 389 1573 consul
406 1514 500 1573 edicto
517 1515 682 1592 praelatus,
704 1515 740 1574 de
757 1534 863 1575 summa
878 1536 911 1575 se
926 1535 958 1575 re
982 1534 1031 1594 pu-

32 1598 110 1661 blica
125 1606 269 1673 acturum,
290 1598 399 1657 rettulit
420 1597 455 1656 ad
476 1607 618 1674 senatum,
639 1607 668 1657 ut
691 1600 717 1657 ei
739 1599 945 1659 succederetur
967 1609 1032 1659 ante

32 1690 164 1760 tempus,
182 1683 314 1759 quoniam
329 1680 408 1741 bello
423 1682 557 1740 confecto
573 1699 631 1760 pax
647 1691 725 1741 esset
747 1700 781 1742 ac
797 1682 895 1741 dimitti
912 1682 1033 1742 deberet

31 1768 128 1826 victor
157 1765 315 1833 exercitum
346 1774 375 1823 et
402 1784 438 1823 ne
463 1765 589 1826 absentis
619 1767 692 1824 ratio
718 1768 838 1825 comitiis
864 1767 1031 1842 haberetur,

32 1847 148 1929 quaudo
163 1866 219 1908 nee
234 1848 313 1927 plebi
330 1849 404 1908 scito
419 1848 572 1927 Pompeius
589 1858 691 1926 postea
708 1849 891 1926 obrogasset.
931 1850 1032 1931 (Acci-

10 1934 116 1994 uderat
132 1941 241 2007 antem,
257 1941 288 1990 ut
302 1934 327 1990 is
342 1931 438 2009 legem
455 1932 490 1992 de
504 1934 565 1990 iure
583 1935 799 2008 magistratuum
818 1933 916 1992 ferens
933 1949 968 1992 eo
986 1951 1032 1992 ca-

32 2019 110 2097 pite,
133 2033 190 2093 quo
211 2016 350 2093 petitione
370 2015 510 2075 honorum
532 2015 660 2074 absentis
681 2015 882 2092 submovebat,
905 2033 941 2073 nc
960 2014 1032 2075 Gae-

32 2118 128 2161 sarem
145 2099 258 2176 quidem
275 2100 440 2178 exciperet,
457 2118 510 2178 per
531 2099 718 2165 oblivionem;
740 2117 775 2157 ac
789 2116 872 2174 mox,
889 2099 957 2174 lege
977 2099 1033 2157 iam

33 2185 61 2243 in
84 2200 136 2242 aes
159 2183 250 2242 incisa
273 2191 301 2241 et
325 2184 353 2241 in
378 2184 518 2242 aerarium
539 2181 669 2257 condita,
692 2182 853 2259 corrigeret
875 2182 1031 2260 errorem.)

33 2266 98 2327 Nec
122 2274 273 2326 contentus
292 2266 449 2326 Marcellus
470 2267 634 2344 provincias
656 2263 776 2325 Caesari
799 2273 828 2324 et
851 2266 1033 2344 privilegium

10 2351 169 2427 ueripere,
192 2349 289 2409 retulit
310 2351 411 2424 etiam,
436 2359 467 2408 ut
493 2350 619 2426 colonis,
647 2367 719 2427 quos
745 2351 896 2426 rogatione
920 2351 1032 2410 Vatinia

33 2434 148 2494 Novum
173 2431 291 2493 Gomum
316 2433 499 2508 deduxisset,
527 2434 627 2493 civitas
658 2432 845 2511 adimeretur,
874 2432 951 2512 quod
979 2452 1033 2513 per

34 2515 218 2577 ambitionem
234 2526 263 2576 et
276 2517 350 2576 ultra
366 2518 577 2595 praescriptum
592 2517 657 2577 data
674 2526 790 2605 esset(

99 2597 264 2660 Commotus
284 2599 329 2659 bis
351 2598 473 2676 Caesar,
495 2619 530 2660 ac
552 2601 696 2677 iudicans,
719 2600 797 2678 quod
820 2619 910 2678 saepe
937 2619 974 2658 ex
996 2610 1074 2663 eotlt

34 2683 158 2745 auditum
178 2684 290 2761 ierunt,
314 2682 475 2762 difficilius
497 2701 531 2743 se
547 2685 717 2762 principem
741 2684 876 2744 civitatis
895 2700 914 2742 α
931 2683 1031 2761 primo

10 2767 146 2829 cordine
164 2767 197 2828 in
211 2767 376 2828 secundum
396 2784 488 2846 quom
512 2786 551 2827 ee
568 2768 702 2828 seeundo
719 2768 751 2827 in
767 2767 964 2829 novissimum
980 2766 1030 2826 dc-

35 2850 134 2927 trudi,
148 2869 255 2911 summa
271 2869 329 2930 ope
344 2852 464 2928 restitit,
477 2853 579 2929 partim
595 2869 648 2930 per
665 2853 877 2911 intercessores
894 2850 1032 2926 tribunos,

35 2936 139 3014 partim
154 2953 208 3014 per
224 2936 354 2995 Servium
370 2934 526 3012 Sulpicium
541 2935 662 2995 alterum
676 2935 833 2995 consulem.
868 2933 1034 3011 Insequenti

34 3036 153 3097 quoque
169 3036 243 3079 anno
260 3018 330 3080 Gaio
346 3018 503 3095 Marcello,
521 3021 567 3097 qui
583 3019 663 3078 fratri
681 3019 803 3097 patrueli
822 3034 873 3076 suo
891 3017 989 3078 llarco
1005 3018 1034 3075 in

10 3140 15 3175 ,
35 3103 186 3163 consulatu
201 3111 398 3179 successerat,
420 3102 520 3162 eadem
541 3111 714 3180 temptante,
738 3102 882 3178 collegam
898 3102 960 3159 eius
976 3099 1033 3159 Ae-

10 3186 142 3247 umillum
157 3185 290 3264 Paulum,
314 3187 471 3264 Gaiumque
488 3184 641 3246 (lurionem
655 3186 892 3245 violentissimum
907 3183 1034 3244 tribuno·

34 3289 96 3331 rum
118 3272 230 3346 ingenti
244 3269 379 3330 mercede
401 3270 572 3330 defensores
589 3271 709 3348 paravit.
754 3269 812 3329 Sed
829 3287 892 3328 cum
909 3268 1033 3329 obstina-

33 3355 90 3415 tius
106 3355 201 3415 omnia
223 3356 272 3431 agi
290 3354 404 3414 videret
424 3362 453 3413 et
473 3353 642 3431 designatos
664 3354 749 3414 etiam
768 3353 903 3413 consules
919 3372 935 3412 e
952 3362 1034 3431 parte

33 3437 167 3515 diversa,
190 3446 320 3499 senatum
339 3438 442 3498 litteris
459 3436 633 3516 deprecatus
657 3446 715 3517 est,
738 3456 775 3498 ne
793 3436 848 3498 sibi
863 3436 1034 3498 beneficium
