2256 3930
462 297 670 353 PRAEFATIO.
919 297 1016 348 xcvn

107 477 186 517 usum
198 458 326 515 coniecta
343 464 371 512 et
386 474 422 513 ex
433 456 518 514 variis
531 455 611 513 libris
622 457 695 512 inter
709 457 857 527 legendum
870 465 1013 532 excerpta.

107 543 210 614 Incipit
230 541 339 596 tandem
359 547 425 613 post
443 541 559 596 mediam
578 541 665 596 ferme
683 548 789 613 partem
806 558 834 613 p.
850 546 917 611 314,
932 549 949 601 3
970 541 1014 599 in·

107 634 188 697 teger
207 624 425 681 differentiarum
441 625 554 680 libellus
569 624 668 679 alienis
688 625 771 679 rebus
788 641 842 680 non
858 626 1012 696 permixtus

108 717 136 766 et
158 709 312 763 litterarum
337 709 434 764 ordine
457 709 490 763 ab
516 707 541 761 Α
564 708 639 762 adV
661 702 847 781 deductus⁹⁴).
893 708 950 765 Sed
966 710 1013 766 vel

108 811 140 849 ca
155 809 237 864 pers,
257 808 310 862 per
332 808 363 846 sc
385 791 452 846 satis
469 791 640 861 aequabilis,
668 807 702 846 eo
718 791 906 861 suspicionem
921 799 1014 849 movet

108 877 182 947 quod
198 875 270 930 aliae
294 874 462 946 scriptiones
481 875 540 928 eius
556 874 668 944 generis
692 875 848 944 complures
867 876 1013 930 circumle-

106 965 223 1026 runtur,
246 958 329 1029 plane
354 957 481 1028 geminae
504 958 604 1026 buius,
625 974 717 1028 neque
741 963 831 1012 tamen
849 958 963 1014 Remmii
986 965 1014 1014 et

58 1063 65 1099 τ
108 1040 236 1100 Suetonii
260 1042 372 1097 sedvel
398 1041 500 1096 isidori
520 1041 566 1095 vel
589 1041 691 1095 nullius
712 1041 823 1096 nomine
850 1041 1012 1114 inscriptae.

107 1126 202 1195 Auget
219 1125 407 1195 suspicionem
428 1125 501 1195 quod
519 1124 664 1180 Ciceronis
684 1140 795 1194 quoque
810 1130 838 1178 et
849 1125 971 1195 Vergilii
983 1126 1012 1181 in

108 1211 206 1265 codem
230 1208 328 1263 codice
351 1207 528 1263 inveniuntur
549 1207 654 1263 similes
676 1208 783 1276 libelli,
810 1224 924 1278 quorum
944 1225 1012 1265 sane

106 1293 209 1347 nullam
235 1308 298 1346 esse
322 1307 382 1345 cum
411 1291 468 1345 illis
499 1292 659 1346 auctoribus
681 1290 916 1346 necessitudinem
940 1291 1013 1347 inter

107 1392 203 1433 omnes
227 1369 390 1446 constat⁰⁵).
436 1375 563 1444 Denique
580 1374 605 1430 is
630 1375 743 1429 libellus
762 1380 908 1446 tantopere
924 1375 1013 1430 desti-

105 1459 193 1513 tuitur
209 1459 283 1514 omni
298 1457 455 1513 eruditione
472 1457 627 1527 solidiore,
648 1464 744 1512 contra
761 1474 793 1513 ea
809 1459 881 1513 adeo
897 1458 1012 1530 ineptiis

105 1548 206 1612 scatet,
224 1548 254 1595 ut
271 1557 325 1596 non
343 1542 425 1596 modo
442 1541 568 1597 Suetonii
584 1542 635 1596 sed
652 1558 687 1595 ne
704 1542 816 1596 Romani
836 1542 946 1612 quidem
961 1545 1014 1599 bo-

105 1625 187 1680 minis
205 1642 269 1680 esse
285 1625 385 1695 possit.
422 1625 494 1679 Vide
513 1625 595 1679 modo
611 1641 681 1694 quae
699 1642 725 1696 p.
742 1630 802 1692 307,
820 1631 837 1684 6
852 1626 886 1680 de
901 1628 1012 1682 nomine

106 1709 182 1779 quod
199 1714 242 1762 est
256 1707 349 1776 bonos,
366 1725 393 1778 p.
411 1713 517 1774 308,11
533 1708 568 1762 de
584 1707 723 1762 adiectivo
739 1722 842 1763 aeneus
856 1710 902 1764 vel
918 1711 1012 1781 potius

104 1804 217 1862 teneus,
235 1809 264 1862 p.
283 1797 351 1860 309,
368 1796 403 1848 24
417 1792 452 1845 de
468 1792 657 1845 numeralibus
673 1792 725 1845 duo
748 1797 775 1846 et
790 1793 885 1864 umbo,
907 1811 934 1864 p.
950 1801 1012 1863 310,

104 1881 141 1934 18
156 1882 184 1929 et
198 1880 233 1933 24
248 1875 282 1929 de
299 1874 410 1929 nomine
427 1889 490 1928 cors
511 1880 539 1928 et
561 1875 595 1928 de
613 1875 747 1930 adverbio
764 1890 879 1945 rursus,
903 1894 931 1947 p.
950 1881 1013 1945 318,

102 1963 140 2016 27
159 1959 193 2012 de
215 1959 295 2012 seatio
309 1959 393 2012 rebus
409 1963 528 2027 nugatur
543 1957 667 2012 misellus
687 1957 736 2012 ille
757 1959 963 2029 grammatista,
986 1965 1013 2013 et

105 2041 200 2097 statim
217 2041 252 2095 de
271 2040 410 2112 scriptore
428 2041 575 2095 vetustatis
589 2041 715 2110 cogitare
734 2041 864 2096 desieris.
895 2041 961 2098 llam
978 2043 1013 2096 de

104 2124 236 2180 absurdis
265 2124 464 2180 vocabulorum
495 2122 651 2192 originibus
677 2124 773 2178 dicere
809 2126 1012 2195 praetermitto,

104 2224 167 2263 cum
184 2207 211 2262 io
227 2209 282 2263 boc
296 2223 402 2277 genere
417 2208 462 2262 vel
484 2206 557 2278 apud
572 2205 780 2276 antiquissimos
802 2206 871 2262 nibil
893 2209 953 2264 fere
969 2208 1012 2263 in·

104 2290 243 2347 credibile
255 2291 300 2346 sit.

169 2373 261 2429 Nihilo
277 2372 365 2428 minus
380 2377 470 2429 tamen
482 2372 603 2443 vestigia
619 2373 751 2444 quaedam
766 2373 891 2429 melioris
907 2373 1006 2429 doctri-

104 2475 160 2513 nae
177 2472 317 2528 agnosco‚
340 2474 411 2527 quae
427 2456 503 2511 tenui
520 2458 617 2511 saltem
636 2458 682 2512 lllo
698 2457 846 2512 ostendant
863 2473 924 2512 com
940 2457 1012 2513 anti-

106 2540 214 2612 quitate
239 2540 358 2596 Romana
387 2541 458 2596 banc
483 2539 663 2611 scriptionem
685 2541 826 2610 coniungi.
872 2541 939 2596 'lale
970 2547 1013 2597 est

104 2624 211 2693 Nigidii
227 2640 254 2694 p.
271 2629 333 2692 318,
348 2629 381 2681 21
398 2623 542 2678 frustulum
559 2640 690 2694 nusquam
708 2624 776 2679 alibi
792 2625 929 2694 oblatum,
947 2625 1011 2680 talis

107 2707 261 2764 auctoritas
278 2713 377 2778 p.310,
393 2712 428 2765 28
443 2708 525 2762 allata
534 2706 665 2776 Procelli,
683 2723 764 2777 quern
780 2709 896 2763 eundem
912 2707 1012 2763 existi-

105 2809 182 2847 mare
202 2789 300 2844 licebit
317 2789 363 2860 qui
380 2790 544 2845 ‘Porcellus
559 2790 771 2860 grammaticus'
788 2793 861 2862 apud
877 2791 1012 2847 Senecam

105 2877 246 2931 rhetorem
261 2874 288 2928 in
302 2874 424 2929 secunda
438 2873 570 2929 suasoria
587 2879 667 2945 p.14,
680 2881 713 2933 19
726 2876 804 2930 Burs.
818 2874 929 2944 dicitur,
945 2875 1011 2930 talia

108 2959 229 3029 quaeda
246 2957 340 3012 tuscas
360 2973 387 3028 p.
402 2963 465 3026 315,
481 2963 516 3016 13
533 2962 560 3011 et
575 2957 609 3011 de
623 2958 757 3012 adverbio
774 2959 848 3028 quod
865 2965 908 3012 est
922 2959 1012 3011 simitu

175 3135 222 3198 94)
244 3136 364 3200 Magnum
386 3136 482 3186 hiatum
499 3152 525 3200 p.
542 3136 600 3197 314,
619 3136 650 3185 10
665 3136 833 3199 significatum
849 3135 1012 3200 probabiliter

105 3205 231 3269 explebit,
258 3205 299 3267 qui
315 3205 424 3253 duarum
446 3205 626 3269 scriptionum,
645 3219 708 3267 ques
730 3205 805 3253 modo
823 3206 849 3253 in
867 3204 1009 3254 subsidium

106 3273 191 3323 critico
206 3273 335 3322 vocandas
351 3273 475 3327 diximus.
496 3280 666 3338 competentes
683 3273 818 3336 particulas
835 3271 1007 3334 conquisierit.

175 3341 221 3403 95)
241 3340 322 3389 Video
337 3349 420 3390 tamen
435 3341 564 3390 Ciceronis
582 3355 732 3404 synonyma,
747 3342 856 3405 itemque
873 3340 948 3389 Plinii
964 3339 1009 3390 Se-

105 3410 181 3458 cundi
203 3410 258 3458 sive
273 3409 406 3459 Frontonis
431 3409 587 3458 differentias
603 3409 736 3458 verborum
757 3416 781 3457 et
803 3410 933 3459 nominum
949 3409 1007 3459 olim

104 3479 260 3544 perscriptas
279 3476 359 3526 luisse
379 3478 405 3526 in
423 3487 535 3527 extremo
558 3478 621 3526 libro
638 3475 763 3536 Charisii3
788 3475 835 3531 cir.
855 3478 888 3527 Α.
906 3477 957 3529 Mul
975 3477 1006 3526 etl

105 3546 256 3595 Frontonem
275 3561 300 3610 p.
319 3546 370 3596 416
384 3546 424 3594 ed.
438 3546 510 3595 Rom.

145 3632 284 3666 sereremus.
846 3635 865 3686 g
