2286 3944
390 236 494 286 nnuc.
884 224 944 288 193

99 389 249 469 portandis
261 391 405 450 scaenicis
421 392 558 469 organis,
572 391 806 469 concubinasque
820 409 944 469 quasse-

98 483 164 534 eret
178 473 315 534 tondendi
329 473 365 533 ad
376 473 490 534 virilem
500 475 614 534 modium
632 484 661 534 et
677 474 829 535 securibus
846 474 945 554 peltis·

98 558 207 617 conicio
218 557 385 616 instruendi.
408 557 479 618 llox
492 557 583 618 tribus
597 558 722 618 urbanas
734 557 770 618 ad
782 576 944 620 sacramen·

98 643 133 718 it,
148 659 183 700 ac
194 641 274 700 nullo
287 640 393 699 idoneo
406 642 604 719 respondente
625 650 734 701 certum
747 641 868 702 dominis
883 660 944 702 ser-
985 679 987 684 -

98 743 209 784 merum
221 724 323 784 indixit
330 748 338 794 ;
352 742 407 783 nec
419 726 474 785 nisi
487 743 525 785 ex
535 733 596 784 totu
608 726 747 803 cuiusque
757 725 865 786 familia
876 741 944 803 pro·

101 827 127 884 s,
138 826 175 867 ne
188 808 439 886 dispensatoribus
460 809 576 887 quidem
594 816 641 868 aut
658 808 877 868 amanuensibus
895 826 943 868 cx·

98 893 191 970 eoepit.
225 891 340 952 Partem
352 893 437 952 etiam
450 910 554 952 census
566 909 667 954 omues
680 891 798 951 ordines
807 887 945 952 conferre

102 978 221 1053 insuper
236 976 393 1053 inquilinos
408 975 584 1055 privatarum
602 975 714 1036 aedium
733 984 819 1054 atque
841 973 945 1034 insula·

99 1060 195 1119 ionem
204 1076 325 1119 annuam
336 1069 561 1138 repraesentare
568 1061 655 1128 lisco;
670 1061 829 1138 exegitque
836 1057 947 1135 ingenti

99 1153 110 1204 t
123 1142 281 1203 acerbitate
292 1161 434 1203 nummum
445 1162 589 1222 asperum,
601 1152 751 1220 argentum
764 1141 944 1222 postulatum,

98 1227 107 1286 l
125 1225 293 1303 obrussam,
313 1236 344 1286 ut
360 1227 493 1306 plerique
511 1246 624 1287 omnem
643 1226 830 1287 collationem
851 1224 945 1304 palam

98 1320 134 1388 rt,
155 1328 301 1370 consensu
312 1310 493 1387 flagitantes,
512 1331 528 1373 a
547 1309 725 1372 delatoribus
740 1311 837 1390 potius
859 1325 944 1368 revo-

98 1395 190 1456 aemia
207 1412 406 1472 quaecumque
425 1396 582 1474 cepissent.
615 1394 661 1455 Ex
679 1412 810 1455 annonae
827 1399 988 1472 quoquest

101 1479 211 1539 ucrunti
228 1478 359 1537 adcrevit
376 1477 497 1548 inuidia3
517 1498 581 1540 nam
599 1488 629 1539 et
644 1479 722 1540 forte
739 1478 853 1555 accidit,
869 1476 945 1536 utin

98 1581 151 1622 ime
163 1561 360 1622 Alexandrina
376 1565 458 1622 navis
469 1565 646 1625 nuntiaretur
660 1563 810 1642 puluerem
822 1563 944 1622 luctato·

98 1648 143 1706 ,cis
157 1646 321 1706 advexisse.

98 1731 245 1790 somnium
256 1732 284 1788 in
297 1747 330 1788 se
343 1728 410 1790 odio
422 1730 550 1808 incitato,
563 1730 634 1790 nihil
648 1729 884 1792 contumeliarum
895 1727 944 1788 de·

98 1813 215 1873 subiret.
247 1814 363 1873 Statuae
381 1814 444 1873 eius
459 1832 475 1873 a
492 1816 602 1875 vertice
620 1815 713 1873 cirrus
730 1813 882 1892 appositus
900 1820 945 1871 est

98 1897 217 1975 riptione
230 1895 358 1972 Graeca,
376 1916 457 1958 nunc
471 1898 589 1958 domoon
606 1914 710 1976 oporto
725 1914 809 1972 csse,
832 1901 862 1955 ct
879 1899 943 1954 tru-

98 1981 198 2041 udcm!
226 1979 355 2040 Alterius
375 1981 453 2041 collo
475 1999 620 2059 ascopera
644 1979 787 2056 deligata,
804 1976 945 2054 simulque

98 2063 159 2144 llqo
177 2062 252 2145 quid
261 2064 374 2142 potui?
395 2064 452 2124 sed
466 2071 499 2125 tu
518 2065 648 2126 culleum
667 2061 814 2122 meruisti.
845 2059 944 2119 Ascri-

100 2149 254 2223 columnis,
277 2148 341 2208 iuro
364 2147 490 2209 Gallos
513 2166 580 2208 eam
602 2145 758 2208 contundo
779 2144 943 2205 cccitomc.

98 2233 156 2292 ibus
176 2232 269 2308 iurgia
288 2249 351 2291 cum
369 2233 463 2292 servis
482 2232 616 2310 plerique
635 2230 819 2306 simulantes,
838 2226 944 2289 crebro

98 2311 327 2394 emposcebant.

98 2400 190 2460 ebatur
203 2397 306 2459 adhoc
318 2399 497 2461 euidentibus
510 2401 652 2478 portentis
664 2399 840 2459 somniorum
853 2404 883 2456 et
897 2405 987 2462 ιιι-46

98 2492 155 2543 ret
175 2480 314 2560 ominum,
334 2502 398 2544 cum
418 2482 566 2545 veteribus
582 2491 640 2543 tum
660 2483 754 2543 novis.
785 2481 945 2561 Numquam

98 2569 192 2627 uniare
204 2567 316 2644 solitus,
330 2568 429 2629 occisa
441 2568 553 2628 demum
565 2577 657 2647 matre
667 2567 738 2627 vidit
748 2586 801 2647 per
809 2568 944 2646 quietem,

98 2652 131 2711 bi
148 2652 263 2728 regenti
285 2660 429 2713 extortum
448 2652 690 2730 gubernaculum,
708 2652 840 2728 trahique
859 2667 891 2708 se
908 2648 944 2709 ab

98 2753 175 2795 uxore
188 2737 216 2794 in
228 2736 384 2796 artissimas
401 2737 538 2799 tenebras
552 2745 581 2796 et
597 2736 684 2798 modo
698 2737 875 2814 pinnatarum
886 2732 944 2791 lor-

107 2818 282 2879 multitudine
302 2819 431 2899 oppleri,
452 2821 539 2882 modo
557 2839 574 2881 a
592 2821 752 2881 simulacris
770 2818 896 2895 gentium
909 2814 945 2875 ad

98 2903 225 2963 heatrum
237 2901 430 2965 dedicatarum
442 2905 585 2966 circumiri
597 2904 750 2982 arcerique
767 2916 943 2980 progressu3

98 3006 147 3064 em,
161 3004 218 3064 quo
230 2989 353 3049 maxime
362 2988 533 3068 laetabatur,
543 2989 709 3068 posteriore
718 2986 853 3063 corporis
861 2990 944 3070 papte.

98 3072 248 3149 speciem
265 3073 508 3150 uansliguratum,
529 3091 564 3133 ac
581 3081 687 3133 tuntum
711 3070 807 3148 capite
830 3069 944 3143 integro

98 3155 177 3215 edere
191 3173 326 3216 canoros.
356 3155 402 3216 De
413 3157 577 3233 Mausoleo,
590 3163 695 3234 sponte
710 3151 822 3214 loribus
834 3149 944 3230 patela-

98 3239 163 3299 rdita
173 3257 232 3299 vox
246 3249 291 3300 est
301 3241 416 3302 nomine
426 3261 490 3303 eum
500 3242 611 3301 cientis.
627 3239 673 3299 lll.
683 3237 743 3298 lau.
752 3236 885 3296 exornati
892 3232 943 3294 ln-

101 3324 263 3385 osacrilicii
275 3334 416 3404 apparatu
434 3324 637 3394 conciderunt;
656 3320 816 3400 auspicanti
833 3319 944 3397 Sporus

98 3408 193 3468 nuneri
210 3408 324 3487 optulit,
341 3410 422 3471 ouius
440 3426 574 3488 gemmae
590 3407 738 3486 sculptura
753 3413 815 3465 erat
825 3404 942 3464 Proser-

98 3500 165 3559 ›tus;
178 3500 311 3554 votomm
322 3495 546 3576 nuncupatione,
561 3509 667 3571 magna
678 3491 734 3552 iam
741 3489 876 3635 pgdinum
887 3492 944 3547 tre

98 3596 158 3637 tttts.
