2286 3944
180 237 228 286 011
518 236 726 285 PRAEFATIO.

181 395 263 453 tariis
279 400 450 451 contractum
466 395 598 451 Historiis
614 400 668 466 6,7
684 411 747 466 sqq.
761 394 904 469 inseruit,
922 398 995 455 baec
1007 399 1071 455 rerba
1134 468 1136 473 Ι

181 479 359 552 praeposuit:
382 475 477 534 ‘Hanc
497 478 644 534 historiam
660 479 815 535 Suetonius
831 480 1013 555 Tranquillus
1030 483 1064 555 pla
1132 519 1140 573 i

181 563 296 619 nissimc
319 562 473 634 explicuit,
497 562 577 619 cuins
600 579 652 619 nos
675 568 875 635 competentes
903 566 1073 639 portiuncula
1135 625 1143 634 ,

181 646 400 718 decerpsimas'.
446 646 549 702 Eadem
567 646 654 703 uerba
670 646 771 703 Paulus
788 646 943 705 Diaconus
963 649 992 707 in
1004 649 1073 707 lliato

181 731 250 787 riam
265 747 342 786 suam
358 730 512 786 miscellam
530 731 639 802 recepit
657 730 791 801 multique
809 732 978 805 scriptores
992 734 1074 790 nediu

183 813 282 871 aetatis
309 814 519 886 repetiverunt,
545 814 636 869 donec
659 831 685 869 a.
712 818 782 873 1544
805 815 958 875 Robartus
981 818 1074 891 Stepbe
1130 859 1136 904 ι

182 916 233 955 uus
264 901 336 954 banc
365 898 475 953 scilicet
504 892 690 971 ‘Eutropii⁹⁰)
719 897 866 969 epitomen
899 901 975 958 belli
1001 898 1074 959 uellit
1134 943 1143 983 ¹

183 1000 219 1039 ox
241 982 368 1037 Suetonii
397 980 551 1051 Tranquilli
575 981 757 1037 monumentis
780 998 856 1052 quae
878 980 1103 1043 desideraatn'.
1134 1028 1143 1068 Γ

184 1072 313 1138 separato
336 1065 433 1120 libello
451 1065 565 1133 ederet,
590 1082 670 1136 quam
686 1065 865 1137 posteriores
887 1070 1019 1125 nonnulli
1036 1082 1075 1125 on
1130 1103 1134 1113 ·

184 1149 361 1205 Caesarianis
388 1149 592 1203 commentariis
623 1149 838 1205 coniunxerunt.
885 1151 990 1225 Neque
1012 1058 1136 1225 nint

184 1234 317 1290 Sidonius
331 1232 504 1304 Apollinaris
520 1232 701 1303 epistolarum
716 1237 750 1304 9,
768 1240 816 1303 14,
835 1236 888 1292 ubi
904 1236 1075 1293 ditueitttna
1103 1234 1107 1250 '
1136 1277 1143 1293 ,

184 1334 242 1374 rem
252 1334 316 1372 esse
331 1318 370 1373 ait
383 1314 585 1371 luliiCaesaria
597 1316 695 1371 laudes
711 1317 875 1388 celebrare,
891 1336 961 1376 cum
968 1320 1075 1378 atritis

183 1400 296 1467 lumina,
312 1399 410 1470 ‘opera
428 1399 579 1468 Suetonii',
592 1400 704 1455 luvenci
717 1399 856 1457 Martialis
870 1403 1009 1474 historia,
1022 1398 1076 1463 balli

184 1483 341 1554 ephemeris
353 1477 399 1555 ¹⁰⁰)
421 1483 504 1538 lando
524 1483 704 1554 adaequanda
719 1483 790 1554 sint,
817 1484 970 1544 bellorum
992 1494 1019 1545 al
1036 1488 1076 1561 ipa
1133 1536 1141 1574 Β

184 1566 466 1637 scriptorcmvidetur
479 1566 640 1622 Suetonium
654 1566 875 1626 existimavisse.
909 1570 1025 1638 Quodsi
1036 1570 1076 1643 quit
1139 1628 1143 1651 ⁸

185 1656 315 1722 quaerat,
340 1666 395 1722 quo
411 1651 493 1705 modo
508 1657 562 1707 tam
579 1650 667 1722 turpis
683 1666 765 1707 error
784 1650 857 1707 oriri
875 1657 1027 1727 potnerit,
1042 1656 1077 1711 lot
1138 1711 1142 1735 Ι

184 1734 249 1789 mibi
273 1735 392 1789 omnium
408 1734 525 1789 maxime
547 1733 696 1805 probatur,
720 1741 750 1789 ut
770 1735 902 1792 codicum
927 1739 1078 1810 quorundn
1137 1794 1140 1818 Ι

185 1818 416 1874 Caesarianorum
431 1817 570 1889 principio
585 1818 786 1890 praescriptum
805 1818 899 1875 inisse
915 1830 1017 1894 putem
1030 1822 1078 1877 Sae-

184 1905 254 1957 tonii
269 1903 315 1957 vel
330 1901 469 1972 integrum
483 1901 581 1956 Divum
595 1902 692 1956 lulium
708 1903 754 1957 vel
770 1918 832 1957 cnm
850 1904 950 1961 locum
966 1906 1015 1979 qni
1028 1904 1079 1963 ialn
1130 1952 1140 1989 e

184 2004 212 2059 p.
228 1991 280 2053 24,
300 1992 333 2043 21
355 1987 390 2041 de
411 1985 616 2041 commentariis
636 1984 735 2041 Gallici
757 1984 910 2059 civilisque
933 1990 1009 2047 belli
1023 1990 1079 2046 Pon·

184 2070 278 2143 polani
300 2069 414 2140 legitur.
458 2070 499 2124 lta
522 2069 583 2124 lieri
601 2069 706 2141 potuit,
735 2076 765 2124 ut
783 2069 916 2127 Suetonii
947 2070 1079 2130 nomenir
1129 2107 1143 2155 Ι

184 2154 325 2227 principio
346 2154 555 2224 grandibusque
577 2152 680 2208 litteris
702 2154 835 2226 scriptum
857 2171 913 2226 pro
938 2158 1024 2214 titulo
1037 2154 1080 2213 nni

185 2239 261 2294 versi
277 2238 406 2309 corporis
421 2239 580 2293 baberetur.
607 2235 735 2292 Ceterum
746 2238 792 2293 vel
807 2244 875 2309 post
891 2248 1013 2298 renatas
1024 2242 1080 2297 litte·

185 2339 232 2377 ras
250 2323 340 2377 eidem
355 2322 446 2377 errori
464 2320 649 2376 obstrinxisse
666 2337 697 2376 ae
713 2321 883 2377 ludovicum
899 2325 1006 2383 nescio
1020 2336 1080 2397 quet

188 2404 342 2462 caduceum
365 2405 498 2473 cognovi.
537 2429 541 2435 ·

38 2477 167 2571 Πῗξιζζῑὶἱξ.
250 2486 325 2541 Satis
347 2492 428 2540 notus
452 2494 495 2542 cst
518 2487 630 2544 libellus
659 2489 700 2544 dc
727 2488 822 2544 Viris
855 2486 1081 2555 illustribus,

187 2569 234 2641 qui
255 2569 339 2625 bodie
355 2567 487 2626 Andreae
506 2572 613 2626 Schctti
637 2572 803 2629 auctoritate
825 2577 853 2627 et
875 2577 1015 2649 exemplo
1036 2588 1082 2631 cu

185 2653 303 2709 Aurelio
319 2652 435 2709 Victore
458 2655 503 2709 edi
525 2655 613 2719 solet;
637 2673 689 2710 nec
706 2656 773 2712 latet
788 2662 920 2727 quantum
942 2659 972 2715 is
990 2652 1082 2731 negoti

187 2739 277 2794 doctis
299 2736 456 2792 bominibus
480 2739 628 2794 creavcrit.
674 2739 779 2812 Scripti
805 2738 878 2794 eninr
904 2740 976 2799 libri
1003 2752 1082 2799 cnttt
1129 2784 1141 2830 μ

186 2822 302 2877 Plinium
319 2825 460 2877 auctorem
478 2823 682 2893 demonstrant,
708 2825 780 2879 bunc
801 2824 862 2878 lere
883 2824 1000 2883 titulum
1016 2840 1082 2899 praa·
1135 2867 1141 2879 ,

187 2906 324 2962 terentes:
349 2904 411 2960 Gaii
425 2905 509 2961 Plinii
526 2907 647 2963 Secundi
659 2910 778 2963 oratoria
796 2906 969 2965 Veronensis
983 2911 1019 2967 dc
1031 2908 1083 2967 ot'r't
1135 2938 1138 2949 ¹

184 2989 332 3046 illustribus
347 2989 413 3044 liber
432 2990 492 3047 sive
507 2991 619 3046 libellus.
660 2992 762 3046 Verum
777 2991 881 3061 exigua
897 2998 943 3047 est
960 2994 1082 3051 librom
1137 3002 1140 3020 ¹

187 3073 354 3143 auctoritas,
378 3089 437 3128 cum
460 3075 498 3131 ita
520 3081 647 3130 recentes
674 3092 768 3131 omnes
792 3075 847 3131 sint
866 3080 897 3129 ut
917 3092 955 3133 ne
983 3072 1083 3135 aXmll
1138 3072 1142 3137 ζ

189 3190 384 3203 -,,....--

253 3240 298 3303 99)
318 3238 434 3303 Eutropii
451 3239 516 3287 enim
535 3238 636 3287 nomine
657 3240 699 3289 illo
719 3248 831 3306 tempore
851 3239 970 3291 Miscella
989 3242 1081 3295 blatum

184 3309 258 3359 earu
275 3306 506 3360 circumferebatur.

255 3376 317 3441 100)
345 3375 416 3428 Balbi
444 3375 629 3440 ephemeridem
651 3375 755 3426 Carolus
777 3376 924 3443 Nipperdey
947 3394 977 3444 p.
1003 3378 1037 3432 36
1057 3376 1081 3425 dt
1136 3391 1143 3426 r

185 3453 273 3497 octavo
290 3446 349 3494 be¹li
368 3446 451 3495 Gallias
477 3444 531 3480 'itur
558 3444 690 3509 intelligit,
715 3445 758 3510 qui
776 3445 839 3494 liber
856 3445 889 3495 ad
904 3446 1016 3499 Balbum
1032 3444 1080 3497 mh·
1127 3450 1140 3502 ll

184 3529 229 3566 aus
248 3520 293 3562 est.
1125 3534 1143 3567 ei
