2256 3930
482 244 588 293 nuno
974 235 1032 297 185

29 397 160 457 dinarum
178 397 225 457 die
242 399 381 478 pauculas
397 401 495 460 uncias
512 400 661 475 venderet,
678 400 835 479 praeclusit
851 409 971 460 cunctos
983 419 1031 462 ne·

29 483 202 559 gotiatores.
246 483 320 557 Quin
344 485 428 543 etiam
448 485 522 542 inter
544 483 702 542 canendum
723 483 950 543 animadversam
972 485 1030 545 ma·

29 575 144 625 tronam
166 567 194 624 in
218 566 394 645 spectaculis
419 569 507 627 vetita
533 584 659 646 purpura
687 567 791 627 cultam
816 567 1032 629 demonstrasse

32 649 274 728 procuratoribus
297 651 357 710 suis
377 650 497 726 dicitur,
526 649 743 729 detractamque
769 652 838 710 ilico
864 670 921 712 non
947 662 1032 713 veste

10 733 119 793 amodo
136 733 229 793 sedet
244 733 328 794 bonis
343 735 431 793 exuit.
465 733 543 793 Nulli
557 733 704 811 delegavit
717 735 844 794 cilicium
858 745 956 795 utnon
973 736 1031 796 adi·

32 824 130 876 ceret:
149 815 220 877 Scir
239 817 314 897 qaid
334 817 409 878 milti
429 836 508 896 opus
528 817 587 877 cit!
611 826 640 876 et
654 816 724 878 Hoc
738 836 885 897 apameo,
909 838 948 879 nc
963 821 1033 899 quie

31 901 197 980 quicquam
211 900 344 963 babent!
364 902 473 964 Ultimo
496 901 611 980 templis
629 902 825 979 compluribus
846 902 921 962 dona
938 902 1031 965 detra·

30 986 74 1044 xit
93 985 304 1065 simulacraque
322 1005 359 1046 ex
376 1003 446 1045 auro
463 984 511 1044 vel
528 994 651 1062 argento
669 985 809 1047 fabricata
831 985 983 1065 conflavit,
1002 990 1031 1048 in

30 1070 68 1128 iis
81 1068 228 1129 Penatium
243 1071 379 1148 deorum,
399 1088 474 1147 quae
488 1086 557 1127 mox
572 1067 662 1129 Galba
680 1070 811 1129 restituit.

10 1175 21 1215 c
96 1153 252 1214 Parricidia
275 1163 304 1214 et
326 1154 432 1213 caedes
452 1172 468 1213 a
485 1151 607 1212 Claudio
625 1169 748 1212 exorsus
767 1163 826 1222 est;
852 1156 932 1215 cuius
949 1157 1074 1227 necisaa

32 1239 87 1297 etsi
109 1254 166 1296 non
188 1247 303 1315 auctor,
327 1247 356 1298 at
378 1240 514 1297 conscius
536 1236 606 1312 luit,
628 1254 725 1314 neque
751 1237 979 1317 dissimulanter,
1001 1249 1031 1298 nt

32 1323 79 1399 qui
96 1321 228 1399 boletos,
243 1324 272 1380 in
288 1339 345 1400 quo
362 1321 418 1380 eibi
435 1339 546 1398 genere
561 1338 702 1379 venenum
717 1322 742 1379 is
757 1332 928 1400 acceperat,
949 1325 1031 1402 quasi

33 1405 153 1464 deorum
170 1405 264 1465 cibum
288 1404 412 1484 posthac
435 1404 594 1483 proverbio
611 1403 724 1464 Graeco
743 1405 917 1465 conlaudare
933 1408 968 1466 sit
984 1424 1030 1466 so·

32 1488 108 1548 litus.
141 1488 229 1548 Certe
251 1488 382 1548 omnibus
404 1507 500 1548 rerum
520 1487 733 1566 verborumque
759 1490 940 1549 contumeliis
955 1509 1030 1552 mor-

10 1580 109 1631 utuum
126 1573 283 1633 insectatus
298 1581 358 1649 est,
373 1572 460 1632 modo
478 1572 616 1631 stultitiae
631 1572 718 1631 modo
734 1574 873 1632 saevitiae
888 1592 1029 1651 arguens;

32 1674 96 1716 nam
113 1665 142 1715 et
158 1658 299 1717 morari
326 1675 390 1716 eum
412 1656 523 1715 desisse
544 1658 619 1714 inter
634 1655 766 1715 homines
781 1656 923 1734 producta
939 1660 1031 1736 prima

32 1740 144 1815 syllaba
169 1741 334 1817 iocabatur,
357 1741 503 1817 multaque
526 1738 644 1799 decreta
668 1749 696 1799 et
717 1741 884 1818 constituta,
913 1750 943 1800 ut
964 1745 1029 1802 insi·

31 1825 137 1902 pientis
155 1834 240 1903 atque
258 1825 356 1901 deliri,
380 1841 434 1902 pro
451 1824 538 1882 irritis
558 1822 669 1893 habuit;
696 1823 820 1902 denique
839 1824 951 1883 bustum
969 1827 1030 1885 eius

31 1909 196 1987 consepiri,
214 1910 269 1967 nisi
284 1908 380 1967 humili
396 1908 512 1984 levique
528 1908 668 1983 maceria,
683 1908 823 1984 neglexit.
1072 1973 1074 1976 Α

10 2012 19 2055 t
95 1992 287 2051 Britannicum
299 2009 356 2052 non
371 1993 463 2050 minus
475 1991 664 2049 aemulatione
682 1993 774 2068 vocis,
792 2010 865 2069 qnae
877 1991 919 2050 illi
934 1992 1030 2050 iucun-

27 2076 96 2136 dior
111 2076 301 2154 suppetebat,
329 2094 413 2154 quam
437 2083 571 2133 metune
594 2073 765 2151 quandoque
788 2075 864 2152 apud
886 2074 1031 2134 hominum

23 2160 153 2238 gratiam
167 2168 287 2237 paterna
300 2160 439 2219 memoria
455 2157 654 2236 praevaleret,
671 2175 784 2216 veneno
801 2158 959 2235 adgressus
975 2167 1030 2218 est.

24 2245 118 2320 Quod
142 2252 294 2322 acceptum
321 2262 338 2304 n
362 2242 483 2321 quadam
504 2241 647 2318 Lucusta,
673 2243 895 2301 uenenariorum
923 2241 1029 2318 indice,

23 2346 96 2388 cnm
113 2327 250 2405 opinione
271 2327 379 2387 tardius
393 2326 530 2402 cederet,
551 2335 653 2384 ventre
667 2325 753 2384 modo
771 2324 927 2387 Britannici
942 2335 1030 2402 moto,

23 2413 204 2473 accersitam
223 2411 370 2471 mulierem
389 2429 440 2470 sua
455 2428 538 2469 manu
553 2409 720 2469 verberavit
739 2428 882 2488 arguens,
906 2428 960 2489 pro
980 2428 1030 2469 ve·

22 2511 106 2555 neno
123 2494 278 2555 remedium
294 2495 425 2563 dedisse;
450 2495 674 2570 excusantique,
695 2495 787 2553 minus
810 2494 904 2555 datum
928 2495 963 2555 ad
981 2513 1030 2555 oc·

25 2578 192 2639 euitandam
209 2580 346 2639 facinoris
362 2579 513 2655 invidiam,
535 2577 621 2637 Sanc
640 2578 730 2655 inquit
752 2577 847 2658 leqem
862 2578 976 2640 Iuliam
997 2579 1030 2638 n·-

22 2663 117 2722 mco!
133 2664 290 2741 coegitque
306 2681 338 2722 se
356 2680 454 2735 coram
469 2662 497 2719 in
513 2661 646 2721 cubiculo
664 2680 747 2740 quam
764 2673 865 2741 posset
879 2664 1030 2722 velocissi-

23 2764 105 2806 mum
122 2764 157 2805 ac
173 2756 413 2825 praesentaneum
437 2763 580 2822 coquere;
604 2745 707 2806 deinde
730 2747 758 2804 in
782 2747 854 2807 aedo
879 2754 1029 2824 expertus,

29 2839 186 2910 postquam
202 2831 227 2889 is
244 2831 369 2907 quinque
386 2830 473 2889 horas
496 2830 655 2908 protraxit,
682 2830 782 2888 iterum
804 2848 839 2888 ac
854 2831 971 2907 saepius
985 2846 1029 2887 re·

30 2922 145 2974 coctum
163 2913 297 2992 porcello
311 2913 433 2982 obiecit;
451 2929 507 2991 quo
523 2915 615 2972 statim
633 2912 808 2987 exanimato,
824 2913 924 2971 inferri
938 2913 966 2969 in
981 2911 1029 2970 tri-

30 2998 146 3058 clinium
161 2998 281 3075 darique
294 2997 424 3056 caenanti
436 3013 535 3054 secum
548 2995 712 3055 Britannico
726 2996 886 3071 imperavit.
916 2994 953 3054 Et
968 3011 1030 3053 curn

29 3082 81 3141 ille
96 3082 133 3141 ad
149 3083 270 3159 primum
287 3089 402 3157 gustum
419 3079 611 3154 concidisset,
635 3077 770 3137 comitiali
786 3078 889 3137 morbo
907 3096 944 3136 ex
961 3094 1035 3136 com·

29 3165 181 3226 suetudine
205 3173 370 3242 correptum
393 3160 468 3242 apud
494 3163 632 3221 convivas
651 3162 817 3235 ementitus,
840 3170 961 3237 postero
984 3159 1030 3218 die

10 3250 134 3327 ‚raptim
156 3252 231 3309 inter
253 3251 392 3308 maximos
414 3244 521 3304 imbres
542 3245 686 3304 tralaticio
712 3243 813 3302 extulit
830 3243 941 3302 iuuere.
977 3242 1029 3303 lnt-

29 3341 130 3393 cnstae
149 3351 202 3412 pro
217 3341 320 3392 navata
335 3347 426 3410 opera
441 3329 637 3406 impunitatem
655 3326 831 3405 praediaque
849 3327 958 3405 ampla,
978 3324 1030 3387 sed

28 3425 58 3476 et
72 3415 233 3495 discipulos
249 3416 336 3476 dedit.

92 3499 231 3577 Matrem,
248 3501 324 3561 facta
343 3499 476 3576 dictaque
492 3513 542 3556 sua
560 3497 756 3575 exquirentem
773 3493 907 3556 acerbius
919 3500 948 3554 et
966 3500 1072 3559 cor-³4
