2286 3944
159 207 219 270 180
259 219 290 269 c.
303 219 453 267 sunnone
466 219 595 278 mano.
611 220 660 267 ns
673 221 756 267 urna
773 219 959 268 cansam
975 221 1106 268 11va

158 377 333 433 sissimorum
348 383 509 450 temporum
524 382 604 448 sunt,
625 374 694 449 cogi
708 375 736 431 in
755 393 839 432 unum
852 393 970 450 annum,
988 374 1120 453 quibusd
1134 404 1143 425 ιι

158 459 243 518 etiarn
258 459 383 530 iteratis,
404 458 505 532 iussit,
519 466 550 516 et
566 456 718 534 Olympiae
733 474 849 536 quoque
868 467 984 536 praeter
1004 467 1139 518 consuetu

157 541 251 601 dinem
276 542 414 598 musicum
441 558 537 618 agona
566 541 717 599 commisit.
760 541 812 619 Ac·
835 541 962 620 nequid
985 542 1143 602 circabae

157 634 330 703 occupatum
344 633 483 683 avocaret
497 624 688 698 detineretve,
707 642 771 682 eum
784 628 949 703 praesentia
964 627 1029 683 eins
1040 625 1103 684 urbi
1128 652 1131 675 ι

158 728 207 769 res
221 727 313 786 egere
329 727 346 768 a
360 707 466 767 liberto
480 707 565 768 Helio
578 707 796 783 admoneretur,
813 711 965 786 rescripsit
978 708 1024 768 bis
1039 708 1136 769 verbis

222 790 372 864 Quemvis
393 811 474 852 amne
497 799 580 852 mum
600 791 760 851 meatuum
780 793 824 852 stt
843 800 872 852 et
891 799 994 853 notum
1016 793 1138 853 celati

159 877 275 940 reverti
287 895 345 951 me,
363 883 464 936 tomen
476 875 611 935 madere
626 882 656 933 et
670 884 782 954 optare
795 875 902 953 potius
916 874 1028 951 debes,
1046 883 1082 935 at
1093 873 1138 936 Ne

158 980 237 1025 roae
251 960 363 1039 dictata
379 967 531 1020 revertar.

224 1043 363 1104 cantante
383 1060 431 1119 eo,
448 1062 485 1102 ne
500 1045 666 1102 necessaria
681 1042 795 1120 quidem
812 1061 898 1102 causa
914 1042 1062 1103 excedere
1078 1043 1132 1103 tb*

160 1139 206 1190 tro
220 1128 328 1187 licitum
343 1136 397 1185 est.
439 1125 541 1204 ltaque
557 1135 588 1184 et
605 1127 708 1185 enixae
724 1126 862 1204 quaedam
877 1128 906 1184 iu
923 1126 1101 1204 spectaculis
1120 1128 1138 1178 ι’

161 1221 273 1286 cuntur,
289 1209 413 1269 etmulti
430 1210 526 1268 taedio
542 1209 673 1268 audiendi
689 1209 888 1288 laudandique,
905 1209 1012 1270 clausis
1032 1211 1133 1288 oppid

160 1314 222 1355 rum
237 1295 339 1372 portis,
356 1301 403 1351 aut
416 1293 512 1350 furtim
526 1292 679 1353 desiluisse
695 1293 731 1352 de
745 1311 825 1352 muro
842 1301 889 1352 aut
909 1303 1003 1352 morte
1027 1294 1139 1354 simula

160 1380 262 1438 funere
273 1376 350 1434 elati.
379 1375 470 1449 Quam
483 1385 576 1434 auteur
589 1377 702 1455 trepide
712 1379 856 1454 anxieque
868 1379 1035 1453 certaverit,
1052 1395 1143 1455 quan*v

107 1474 110 1478 ’
160 1460 389 1520 adversariorum
405 1458 607 1535 aemulatione,
625 1478 681 1539 quo
696 1469 773 1519 metu
785 1461 917 1536 iudicum,
929 1464 980 1518 vix
995 1460 1077 1520 credi
1095 1480 1125 1539 p·

160 1552 214 1604 est.
258 1541 469 1618 adversarios,
490 1546 572 1621 quasi
586 1544 672 1622 plane
695 1543 868 1604 conditionis
888 1543 1033 1620 eiusdem,
1055 1544 1128 1603 obs

160 1644 241 1700 vare,
265 1635 398 1703 captare,
421 1626 557 1686 infamare
579 1637 713 1702 secreto,
743 1644 951 1704 nonnumquam
971 1646 1010 1686 ex
1032 1644 1141 1687 occur

160 1709 320 1770 maledictis
336 1711 496 1786 incessere,
523 1728 558 1771 ac
579 1713 603 1770 si
624 1713 672 1789 qui
693 1719 755 1770 arte
778 1711 1003 1789 praecellerent,
1026 1728 1110 1770 οοιιιι
1123 1745 1131 1760 ι

160 1811 233 1874 pere
252 1795 336 1852 etiarn
350 1793 472 1853 solebat.
516 1793 630 1853 ludices
645 1803 738 1854 autem
754 1797 832 1871 prius
847 1813 931 1873 quam
946 1796 1093 1874 inciperet
1129 1820 1135 1842 ι

161 1879 361 1937 verentissime
377 1877 597 1956 adloquebatur,
615 1879 718 1938 omnio
732 1895 767 1936 se
778 1878 927 1955 faciendo
945 1877 1078 1955 fecisse,

163 1967 299 2023 wentam
311 1961 344 2022 ιἰι
356 1979 449 2021 manu
464 1979 533 2022 ease
547 1960 704 2022 Fortunae
708 1986 723 2031 ;
743 1961 814 2021 ilios
828 1968 863 2021 att
875 1963 1027 2040 sapientis
1048 1969 1079 2022 et
1105 1987 1126 2014 ιι

163 2045 328 2108 οιοιιιίιοιι
339 2045 472 2124 fortuita
482 2044 789 2114 deberecccludere,·
805 2055 901 2123 atque,
918 2055 949 2104 ut
959 2045 1082 2106 auderet
1092 2046 1124 2105 bc

163 2129 304 2206 tautibus,
328 2132 464 2208 aequiore
486 2132 577 2189 animo
599 2128 767 2205 recedebat,
788 2147 822 2188 ac
842 2148 879 2189 ne
899 2131 941 2188 sic
963 2129 1143 2208 quidem

165 2213 369 2287 sollicitudine,
387 2215 606 2273 taciturnitatem
622 2213 817 2291 pudoremque
834 2213 1011 2292 quorundam
1033 2231 1090 2291 pro
1115 2236 1120 2262 ι
1138 2252 1140 2260 ι

122 2299 240 2364 mstitia
261 2304 291 2354 et
310 2296 486 2372 malignitate
506 2315 631 2372 arguens
655 2306 867 2374 suspectosque
890 2297 945 2355 sibi
970 2297 1082 2356 dicens.
1128 2316 1131 2345 ι

165 2378 302 2438 certando
310 2397 382 2437 vero
390 2380 494 2456 italegi
509 2379 693 2456 oboediebat,
702 2388 732 2438 ut
744 2398 894 2458 numquam
906 2399 1048 2441 excreare
1062 2400 1119 2440 au:⁸⁴
1138 2445 1139 2448 ,

163 2460 298 2520 sudorem
312 2478 427 2539 quoque
442 2463 545 2521 frontis
568 2461 688 2523 brachio
711 2463 892 2540 detergeret3
914 2473 1000 2543 atque
1022 2460 1134 2524 etiam

162 2545 275 2620 tragico
288 2544 410 2620 quodam
423 2554 499 2620 actu,
513 2563 576 2604 cunr
590 2546 719 2624 elapsum
730 2546 861 2607 baculum
874 2550 929 2607 cito
942 2551 1132 2626 resumpsisse

165 2626 285 2707 pavidus
301 2635 329 2685 et
344 2635 473 2686 metuens
487 2647 524 2687 ne
541 2629 579 2688 ob
597 2629 731 2689 delictum
747 2632 902 2690 certamine
916 2649 1140 2692 summovereao

165 2728 222 2770 non
232 2709 315 2768 aliter
328 2711 509 2770 confirmatus
522 2721 566 2771 est
578 2731 662 2791 quam
672 2713 819 2773 adiurante
828 2715 989 2794 hypocrita,
1002 2733 1062 2774 non
1074 2716 1134 2776 ιιίιι

165 2794 316 2856 adversum
341 2793 369 2852 id
396 2794 471 2853 inter
501 2796 694 2856 exultationes
721 2798 1019 2876 succlamationesque
1047 2817 1117 2877 pop

165 2880 315 2940 Victorem
333 2885 426 2938 autem
445 2879 556 2957 seipse
573 2879 773 2959 pronuntiabat
779 2904 787 2950 ;
805 2899 860 2958 qua
876 2882 911 2941 de
926 2900 1013 2941 causa
1028 2891 1059 2941 et
1077 2898 1125 2962 pra

167 2963 251 3022 conio
265 2959 371 3040 ubique
388 2963 542 3022 contendit.
586 2963 631 3022 Ac
653 2982 690 3023 ne
713 2965 792 3024 cuius
814 2965 930 3025 alterius
949 2965 1093 3027 bierouic
1119 2986 1131 3013 ιι

165 3045 303 3104 memoria
324 3054 372 3105 aut
394 3047 548 3123 vestigium
575 3055 689 3107 extaret
716 3066 849 3126 usquam,
876 3048 1004 3109 subverti
1030 3059 1061 3108 et
1087 3065 1137 3109 uu*

166 3128 238 3188 trabi
255 3126 387 3208 abicique
402 3131 431 3188 in
448 3129 565 3190 latrinas
585 3133 708 3190 omnium
728 3139 835 3192 statuas
859 3142 888 3192 et
911 3135 1052 3211 imagines
1073 3137 1120 3194 itu

167 3213 249 3270 ravit.
293 3210 446 3290 aurigarit
465 3230 580 3291 quoque
601 3214 793 3292 plurifariam,
821 3215 960 3296 Olympiis
980 3234 1053 3276 vero
1079 3216 1116 3278 eti

167 3295 365 3372 decemiugem
401 3298 525 3375 quamvis
546 3297 574 3357 id
598 3299 690 3376 ipsum
711 3299 739 3356 in
759 3317 831 3377 rege
845 3300 1014 3362 blitbradate
1034 3319 1071 3362 ca
1096 3330 1106 3354 ιι

167 3376 283 3438 qondam
321 3396 355 3422 ΙΙιι
404 3379 635 3442 erueberdiwt:
660 3380 711 3440 sed
733 3399 874 3443 excussus
896 3403 980 3444 curru
1002 3403 1080 3446 acr
1116 3412 1119 3435 ÷
