2286 3944
153 212 215 274 262
404 223 639 272 csusrornns
655 225 902 284 rnauomnnns

153 380 200 456 qui
216 380 322 458 primus
336 377 393 439 hoc
410 396 573 455 cognomen
585 379 639 438 sibi
650 379 818 455 vindicavit,
844 379 1003 459 multiplici
1020 399 1043 438 v:

153 464 280 523 doctrina
293 461 475 522 censebatur.
498 462 582 537 Quod
594 481 664 523 sane
674 481 712 522 ex
723 464 938 523 commentariis
951 465 1042 523 eiusa

153 564 314 624 quanquam
341 547 506 625 paucissimi
529 554 641 615 extent;
673 546 709 605 de
731 563 852 625 quorum
878 556 977 606 tamen
1002 565 1039 606 co

152 630 243 689 altera
255 629 291 689 ad
303 629 425 690 eundem
435 629 568 689 Hermam
583 629 707 708 epistola
721 631 881 706 significat:
900 629 1005 709 Hylen
1019 650 1041 690 n

153 714 226 774 aliis
236 719 381 775 memento
398 713 625 789 commendare,
642 730 733 791 qnam
745 713 842 773 omnio
851 716 978 792 pencris
990 733 1043 774 coe

152 799 198 858 nti
211 799 291 873 scis,
308 798 496 876 octinpentos
510 797 542 856 in
558 795 665 857 libros.
700 795 796 856 Golnit
809 805 914 875 postea
931 798 1043 857 familia

155 881 187 941 G.
205 881 370 941 Sallustium
390 890 419 940 et
434 899 469 940 eo
484 880 618 940 defuncto
635 878 764 939 Asinium
781 879 960 956 Pollionem,
978 899 1039 958 quo

153 967 223 1026 riam
239 983 415 1044 componere
431 981 606 1040 aggressos,
622 964 742 1023 alterum
761 963 905 1023 breviario
918 983 1017 1023 rerum
1034 983 1043 1023 s

152 1051 354 1123 Romanarum,
369 1066 406 1106 ex
420 1048 522 1126 quibus
535 1065 606 1126 quas
618 1047 708 1106 vellet
723 1046 856 1124 eligeret,
871 1049 1020 1125 instruxit,
1036 1067 1043 1107 a

154 1134 320 1212 praeceptis
337 1131 373 1190 de
394 1133 506 1190 ratione
526 1130 681 1190 scribendi.
719 1130 782 1205 Quo
805 1133 897 1208 magis
918 1132 1043 1191 mirord

154 1216 324 1292 credidisse,
338 1215 453 1291 antiqua
465 1232 529 1273 eum
542 1215 631 1274 verba
641 1223 670 1274 et
682 1215 789 1290 ligures
801 1213 915 1275 solitum
929 1234 998 1274 esse
1013 1234 1043 1276 co

153 1300 305 1367 Sallustio;
319 1316 382 1357 cum
395 1296 449 1356 sibi
462 1299 536 1356 sciat
550 1297 619 1357 nihil
631 1297 708 1357 aliud
720 1297 842 1357 suadere
857 1317 942 1376 quam
955 1309 983 1358 ut
998 1311 1043 1359 not

152 1383 232 1460 lique
250 1392 279 1440 et
298 1383 417 1459 proprio
432 1398 566 1440 sermone
582 1391 691 1458 utatur,
712 1383 842 1459 nitetque
853 1385 978 1443 maxime
991 1384 1043 1443 obs

153 1475 210 1524 tem
227 1464 354 1523 Sallustii
369 1473 397 1522 et
413 1464 560 1524 audaciam
576 1467 605 1524 in
621 1465 863 1525 translationibus.

111 1568 143 1623 ιι
214 1547 246 1607 Ρ.
261 1547 396 1608 Valerius
414 1546 502 1624 Cato,
523 1558 553 1608 ut
569 1549 698 1608 nonnulli
714 1549 901 1627 tradiderunt,
918 1551 1043 1611 Burseni

153 1633 217 1693 dam
237 1631 358 1690 libertus
379 1649 416 1690 ex
440 1631 547 1701 Gallia;
578 1633 642 1710 ipse
662 1632 778 1710 libello,
802 1636 846 1692 cui
871 1644 915 1693 est
938 1636 1037 1695 titulus

153 1716 297 1792 gnatio,
313 1717 468 1792 ingenuum
484 1734 517 1775 se
533 1725 628 1775 natum
643 1717 682 1776 ait
696 1724 725 1776 et
742 1717 880 1795 pupillum
896 1719 1043 1796 relictum,

153 1799 267 1861 facilius
282 1798 398 1859 licentia
414 1798 525 1873 Syllani
540 1801 679 1878 temporis
694 1808 809 1859 exutum
825 1803 1010 1879 patrimonio.

153 1884 258 1944 multos
274 1892 303 1943 et
318 1882 446 1959 nobiles,
468 1884 606 1961 visusque
624 1892 669 1942 est
683 1883 859 1962 peridoneus
878 1896 1040 1965 praecepto

155 1971 231 2028 xime
253 1968 288 2028 ad
310 1969 454 2046 poeticam
473 1966 670 2044 tendentibus,
691 1976 720 2026 ut
739 1968 852 2047 quidem
868 1988 1015 2049 apparere
1040 1991 1043 2002 ¹

154 2053 308 2112 versiculis
324 2060 435 2132 potest:

361 2140 426 2197 Cato
439 2141 648 2211 mummolinus,
666 2139 764 2195 Latina
782 2139 872 2210 Siren,

361 2223 499 2290 Quisnam
513 2225 575 2295 lepit
589 2238 624 2277 oc
636 2222 708 2294 facit
730 2231 837 2295 poetas.

154 2302 183 2362 Is
207 2304 324 2381 scripsit
341 2311 459 2379 praeter
478 2303 680 2379 grammaticos
700 2302 817 2363 libellos
840 2304 925 2364 etiam
943 2322 1043 2383 poema

156 2384 258 2462 quibus
278 2387 435 2463 praecipue
447 2385 605 2464 probantur
621 2384 730 2460 Lydia
749 2387 910 2449 etDiana.
933 2387 1042 2465 Lydiae

154 2468 294 2528 meminit:

369 2557 457 2628 Lydia
471 2558 613 2613 doctorum
629 2562 751 2615 mnxnna
763 2577 832 2615 cura
848 2560 930 2623 liber,-

155 2634 264 2694 Dianae
281 2632 383 2694 Cinna:

328 2722 428 2778 Secula
439 2733 607 2796 permoneat
618 2729 708 2784 nostri
722 2727 859 2798 Dictynna
874 2727 992 2783 Catonis

155 2805 236 2864 Vixit
250 2802 285 2863 ad
297 2811 454 2864 extremam
468 2815 632 2884 senectam,
648 2807 701 2867 sed
715 2807 744 2865 in
758 2824 864 2866 summa
877 2808 1019 2885 pauperie
1035 2829 1043 2867 ε

155 2888 270 2966 inopia,
286 2887 398 2947 abditus
413 2888 528 2949 modico
543 2892 711 2966 gurgustio,
732 2899 884 2969 postquam
900 2889 1043 2950 Tusculan

155 2971 347 3032 creditoribus
362 2982 507 3049 cesserat,
523 2982 553 3033 ut
569 2982 670 3034 auctor
685 2982 730 3034 est
745 2973 910 3032 Bibaculus¹

361 3060 393 3116 st
407 3062 467 3134 punt
479 3061 553 3133 forte
569 3063 623 3116 mei
634 3063 742 3118 domum
757 3061 877 3122 aaronis,

364 3145 490 3214 depictos
503 3147 583 3200 minio
598 3149 721 3213 occulos,
737 3151 763 3200 et
774 3147 828 3200 itm

370 3229 478 3283 lustodit
495 3229 567 3284 undet
580 3227 702 3284 hortulos
715 3228 808 3299 Prion

371 3311 472 3366 llirntu·
512 3311 604 3382 onibus
617 3312 661 3365 itte
674 3312 814 3380 disciplim-

372 3394 385 3414 Ἡ
500 3401 523 3433 Α
541 3410 553 3430 .-
596 3396 602 3407 ·
649 3396 655 3406 ·
718 3409 760 3430 m
