2256 3930
456 220 627 270 nrnnnms.
775 234 778 240 ’
1004 211 1044 271 93

36 392 112 452 ergo
129 374 200 434 Gaio
214 383 371 435 revocatus
385 385 440 453 est,
459 394 557 435 verum
572 375 624 435 sub
641 375 807 437 conditione
823 395 859 436 ne
877 395 961 457 quam
978 395 1041 456 par·

36 467 97 517 tem
115 476 249 517 curamve
264 459 308 517 rei
326 476 355 536 p.
371 461 537 536 attingeret.

100 540 197 601 Rediit
211 549 316 602 octavo
332 551 400 620 post
415 560 564 602 secessum
580 560 663 620 anno,
674 560 777 621 magna
790 562 845 604 nec
861 547 971 606 incerta
987 562 1040 623 spe
1051 560 1085 614 14

35 625 212 701 futurorum,
228 643 312 704 quam
329 634 358 684 et
373 627 494 686 ostentis
511 634 540 684 et
554 625 798 704 praedictionibus
813 627 849 688 ab
865 629 945 688 initio
963 638 1039 689 aeta·

10 729 21 770 n
35 711 74 769 tis
91 717 277 788 conceperat.

101 794 267 870 Praegnans
282 794 356 852 enim
369 793 449 853 Livia
464 811 538 868 oum,
551 812 587 852 an
602 810 710 852 marem
723 793 831 854 editura
847 804 936 872 esset,
952 797 1040 856 variis

36 885 170 956 captaret
185 875 341 954 ominibus,
360 894 445 937 ovum
463 876 608 937 incubanti
628 876 755 953 gallinae
777 877 946 937 subductum
966 896 1042 938 nunc

36 980 88 1021 sua
105 978 180 1019 nunc
195 961 385 1020 ministrarum
398 978 482 1020 manu
497 979 551 1039 per
567 961 650 1020 vices
666 978 758 1039 usque
773 960 856 1038 fovit,
872 961 967 1040 quoad
981 961 1041 1040 pnl-

34 1045 82 1105 lus
102 1045 251 1120 insigniter
274 1046 408 1105 cristatus
430 1043 565 1104 exclusus
585 1053 640 1107 est,
683 1044 728 1103 Ac
746 1044 782 1104 de
800 1045 909 1105 infante
924 1044 1041 1106 Scribo·

10 1130 100 1188 nnius
127 1126 342 1188 mathematicus
368 1127 520 1206 praeclara
545 1127 716 1207 spopondit,
749 1129 834 1188 etiam
857 1138 1042 1206 regnaturum

33 1211 217 1294 quandoque,
234 1211 287 1270 sed
301 1213 363 1270 sine
375 1213 460 1288 regio
478 1212 600 1288 insigni,
616 1213 715 1289 ignota
734 1212 849 1271 scilicet
865 1222 932 1272 tunc
948 1211 1041 1273 adhuc

33 1295 193 1355 Caesarum
218 1303 375 1373 potestate.
419 1295 458 1354 Et
478 1297 612 1371 ingresso
637 1297 755 1373 primam
777 1296 992 1373 expeditionem
1008 1315 1041 1356 ac

32 1399 88 1459 per
102 1378 300 1439 Macedoniam
315 1379 438 1439 ducente
456 1380 614 1438 exercitum
625 1381 654 1438 in
666 1381 788 1455 Syriam,
801 1379 907 1439 accidit
918 1389 949 1438 ut
964 1379 1039 1458 apud

32 1463 185 1542 Philippos
201 1472 333 1523 sacratae
347 1463 415 1522 olim
430 1463 591 1522 victricium
603 1463 751 1539 legionum
760 1480 828 1522 arae
844 1472 949 1541 sponte
964 1463 1039 1523 subi·

10 1549 71 1606 stis
88 1547 275 1606 conlucerent
291 1547 422 1624 ignibus;
446 1555 476 1605 et
490 1564 572 1623 mox,
598 1565 660 1605 cum
674 1546 821 1622 Illyricum
838 1556 942 1625 petens
958 1548 1037 1607 iuxta

32 1631 182 1691 Patavium
200 1629 308 1690 adisset
320 1630 463 1705 Geryonis
478 1630 637 1707 oraculum,
653 1639 733 1690 sorte
744 1639 853 1707 tracta,
870 1649 926 1709 qua
942 1648 1038 1690 mone·

31 1715 117 1774 batur
132 1723 161 1774 ut
178 1713 213 1773 de
230 1714 487 1774 consultationibus
505 1715 532 1772 in
547 1713 646 1792 Aponi
661 1713 771 1775 iontem
785 1714 861 1774 talos
877 1732 984 1775 aureos
998 1715 1038 1774 ia-

32 1807 128 1875 ceret,
149 1798 246 1857 evenit
266 1807 296 1857 ut
316 1816 453 1857 summum
471 1815 618 1856 numerum
635 1798 702 1858 iacti
723 1797 813 1858 abeo
833 1797 1037 1867 ostenderent;

30 1882 180 1960 hodieque
197 1881 249 1940 sub
264 1900 340 1960 aqua
355 1883 483 1941 visuntur
500 1880 529 1940 hi
546 1881 605 1941 tali.
651 1880 727 1941 Ante
743 1899 854 1960 paucos
869 1901 940 1943 vero
956 1900 1039 1959 quam

10 1974 226 2025 orevocaretur
242 1965 304 2025 dies
319 1966 424 2044 aquila,
449 1982 600 2043 numquam
614 1974 698 2026 antea
712 1964 809 2025 Rhodi
826 1974 995 2044 conspecta,
1011 1968 1039 2024 in

31 2049 159 2109 culmine
175 2049 278 2108 domus
294 2051 356 2108 eius
371 2048 493 2118 assedit;
516 2056 546 2107 et
561 2048 653 2126 pridie
669 2047 803 2128 quamde
820 2048 913 2108 reditu
929 2050 1039 2108 certior

29 2135 133 2208 lieret,
148 2135 319 2192 vestimenta
336 2133 454 2192 mutanti
469 2134 564 2191 tunica
580 2132 684 2191 ardere
698 2134 760 2191 visa
776 2141 830 2191 est.
855 2131 1037 2207 Thrasyllum

30 2233 151 2296 quoque
167 2216 413 2292 mathematicum,
428 2233 513 2295 quem
530 2225 560 2274 ut
576 2216 736 2294 sapientiae
751 2217 952 2295 professorem
968 2234 1036 2276 con·

29 2299 167 2359 tubernio
186 2299 370 2376 admoverat,
391 2309 449 2358 tum
462 2300 584 2358 maxime
601 2308 740 2377 expertus
755 2308 817 2376 est,
840 2301 1036 2376 affirmantem,

10 2402 107 2445 snare
129 2385 248 2461 provisa
268 2383 400 2461 gaudium
422 2383 534 2452 afferri;
559 2401 622 2442 cum
643 2381 758 2461 quidem
774 2383 870 2461 illum,
893 2384 990 2444 durius
1008 2392 1038 2444 et

30 2475 135 2528 contra
158 2467 307 2545 praedicta
328 2466 496 2528 cadentibus
517 2465 621 2544 rebus,
647 2476 676 2526 ut
692 2467 797 2527 falsum
812 2477 841 2527 et
857 2477 1037 2528 secretorum

29 2561 142 2611 temere
159 2552 316 2628 conscium,
332 2569 369 2611 eo
384 2553 449 2629 ipso
464 2559 621 2628 momento,
638 2549 703 2609 dum
718 2553 859 2630 spatiatur
870 2571 934 2629 una,
949 2570 1033 2630 prae·

31 2636 154 2714 cipitare
169 2636 198 2694 in
212 2653 292 2695 mare
306 2634 488 2695 destinasset.

90 2719 211 2779 Romam
225 2737 376 2796 reversus,
395 2718 521 2778 deducto
537 2720 565 2776 in
584 2719 679 2779 lorum
694 2719 754 2779 lilio
771 2717 885 2794 Druso,
908 2717 1002 2775 statim
1017 2734 1033 2774 e
1047 2731 1079 2781 15

10 2811 21 2851 ⁰
34 2802 148 2863 Carinis
170 2821 205 2861 ac
220 2802 394 2881 Pompeiana
417 2802 502 2862 domo
517 2801 664 2880 Esquilias
680 2805 709 2861 in
727 2802 829 2862 hortos
843 2800 1036 2862 Maecenatia-

30 2905 85 2947 nos
108 2887 322 2964 transmigravit
341 2895 490 2964 totumque
512 2904 545 2944 se
567 2884 603 2945 ad
624 2888 751 2964 quietem
766 2885 901 2960 contulit,
926 2885 1038 2962 privata

29 2970 119 3030 modo
136 2970 235 3031 cilicia
251 2969 355 3029 obiens
371 2988 406 3030 ac
419 2969 601 3048 publicorum
616 2987 764 3028 munerum
779 2986 897 3048 expers.

95 3052 167 3114 Gaio
190 3063 219 3114 et
239 3053 329 3112 Lucio
352 3055 426 3114 intra
445 3053 598 3112 trienninm
624 3052 786 3128 defunctis,
818 3051 972 3129 adoptatur
1000 3048 1035 3108 ab

30 3138 166 3215 Augusto
190 3137 273 3197 simul
293 3137 461 3196 cumfratre
477 3152 577 3195 eorum
592 3135 629 3195 bl.
646 3135 798 3214 Agrippa,
822 3141 941 3195 coactus
957 3133 1037 3213 prius

10 3222 96 3301 ⁵ipse
112 3221 312 3283 Germanicum
332 3221 431 3281 fratris
450 3220 494 3278 sui
516 3218 604 3279 tilium
625 3218 775 3297 adoptare.
807 3217 872 3278 Nec
887 3218 1036 3296 quiequam

28 3314 137 3386 postea
159 3324 213 3385 pro
239 3314 323 3384 patre
351 3303 474 3363 familias
496 3303 557 3378 egit
576 3310 624 3362 aut
643 3305 705 3379 ius,
724 3301 802 3382 quod
822 3303 972 3378 amiserat,
1000 3318 1036 3360 ex

27 3390 90 3451 ulla
106 3399 191 3469 parte
207 3391 331 3450 retinuit.
362 3387 435 3448 Nam
450 3403 547 3464 neque
563 3385 680 3445 donavit
696 3403 791 3463 neque
805 3387 979 3462 manumisit,
998 3404 1034 3443 ne

25 3473 223 3535 hereditatem
245 3473 360 3554 quidem
382 3480 430 3532 aut
451 3470 549 3548 legata
572 3471 706 3550 percepit
726 3468 784 3530 ulla
806 3469 890 3530 aliter
906 3487 991 3548 quam
1006 3478 1037 3527 ut
