2286 3944
405 263 509 310 crst
532 262 721 312 nUcUanS.
1026 253 1066 315 85

58 420 196 480 discincti
212 418 393 498 pedibusque
408 416 501 493 nudis,
517 434 552 476 ac
561 417 713 478 Mausoleo
730 416 928 476 condiderunt.
947 416 980 477 ld
992 435 1067 496 opus

58 507 137 565 inter
151 503 319 563 Flaminiam
339 503 413 560 viam
436 501 586 578 ripamque
602 500 716 560 liberis
737 510 821 561 sexto
844 518 897 559 suo
917 501 1067 562 consulatu

59 595 231 648 extruxerat
253 586 511 661 circumiectasque
531 584 621 643 silvas
644 593 673 642 et
694 583 903 644 ambulationes
919 585 957 644 'in
984 603 1066 645 usum

57 670 163 752 populi
178 672 233 730 iam
250 679 308 728 tum
324 667 493 747 publicarat.

30 768 48 811 a
126 752 350 829 Testamentum,
365 751 396 811 b.
409 750 517 811 Planco
531 748 563 809 C.
576 750 647 810 Silio
664 768 745 810 cons.
759 749 809 810 111.
825 749 901 811 Non.
914 751 1044 829 Apriles,
1060 765 1105 819 101

10 902 20 909 ,,
57 847 128 900 ante
153 855 253 897 anuum
275 845 304 895 et
324 843 457 914 quattuor
478 852 593 893 menses
611 852 694 912 qnam
711 834 885 910 decederet,
907 835 1013 894 lactum
1029 835 1065 894 ab

58 939 99 983 eo
115 939 151 981 ac
166 920 277 980 duobus
294 919 458 995 codicibus,
482 917 585 996 partim
600 919 691 996 ipsius
706 920 809 998 partim
824 917 994 977 libertorum
1010 919 1064 978 Po·

57 1005 121 1081 lybi
140 1014 168 1064 et
183 1004 339 1064 Hilarionis
357 1021 454 1078 manu,
477 1003 615 1080 scripturn
630 1001 851 1080 depositumque
867 1000 943 1080 apud
959 1020 992 1061 se
1009 1003 1065 1061 vir·

10 1084 14 1099 ¹
58 1091 148 1169 gines
160 1087 297 1150 Vestales
321 1105 384 1146 cum
406 1085 497 1144 tribus
516 1087 636 1162 signatis
651 1103 745 1165 aeque
761 1085 952 1145 voluminibus
966 1094 1065 1163 protu-

10 1174 165 1234 tolerunt.
200 1172 281 1247 Quae
306 1171 399 1230 omnia
425 1170 454 1228 in
481 1178 581 1229 senatu
608 1179 710 1248 aperta
736 1179 822 1248 atque
848 1170 969 1229 recitata
991 1179 1065 1229 sunt.

59 1255 193 1318 lleredes
213 1256 333 1314 instituit
354 1255 478 1333 primos:
501 1252 647 1313 'liberium
667 1271 705 1312 ex
726 1263 808 1332 parte
825 1252 939 1312 dimidia
956 1263 985 1312 et
1000 1272 1065 1312 sex·

57 1350 155 1417 tante,
182 1340 290 1400 Liviam
318 1357 356 1397 ex
378 1346 461 1416 parte
485 1338 587 1412 tertia,
614 1355 688 1415 quos
709 1346 737 1397 et
757 1338 836 1396 ferre
858 1355 963 1397 nomen
985 1354 1066 1396 suum

34 1494 44 1505 ἢ
58 1425 160 1500 iussit,
177 1422 337 1483 secundos:
353 1422 476 1480 Drusum
488 1419 586 1480 'liberi
599 1421 686 1480 lilium
701 1441 739 1481 ex
753 1422 868 1496 triente,
887 1440 923 1479 ex
935 1421 1066 1499 partibus

10 1544 37 1573 u.
59 1508 182 1586 reliquis
199 1506 397 1569 Germanicum
414 1504 582 1583 liberosque
600 1505 663 1563 eius
680 1514 741 1564 tres
755 1523 843 1564 sexus
858 1505 960 1581 virilis,
978 1505 1065 1564 tertio

10 1588 169 1671 bagrada:
187 1591 368 1670 propinquos
385 1590 552 1666 amicosque
569 1588 736 1666 compluris.
765 1588 886 1665 Legavit
904 1590 1013 1667 populo
1028 1589 1065 1648 R.

59 1675 313 1756 quadringenties,
335 1673 466 1732 tribubus
487 1674 587 1731 tricies
612 1674 763 1751 quinquies
780 1673 957 1748 sestertium,
981 1690 1064 1750 prae·

57 1760 181 1822 torianis
195 1757 331 1818 militibus
349 1757 461 1834 singula
472 1757 550 1816 milia
562 1773 746 1834 nummorum,
765 1755 933 1816 cohortibus
948 1756 1065 1816 urbanis

10 1864 19 1925 ζ
58 1846 239 1923 quingenos,
262 1842 420 1918 legionaris
444 1848 579 1900 trecenos
595 1858 739 1901 nummos:
763 1858 846 1918 quam
869 1857 1004 1899 summam
1019 1858 1065 1898 re-

10 1948 37 2011 p
58 1928 242 2007 praesentari
265 1926 360 2002 iussit,
382 1943 446 1984 nam
467 1934 495 1983 et
514 1925 698 1983 confiscatam
715 1943 832 2002 semper
848 1925 1065 2000 repositamque

10 2010 211 2081 ‚mhabuerat
242 2008 366 2087 Reliqua
385 2008 483 2086 legata
496 2009 585 2074 ,varie
609 2007 687 2066 dedit
707 2009 901 2087 produxitque
925 2005 1065 2083 quaedam

10 2138 18 2177 1
58 2093 97 2156 ad
110 2095 203 2153 vicies
218 2095 394 2168 sestertium,
411 2091 515 2171 quibus
532 2091 681 2151 solvendis
697 2109 818 2151 annuum
832 2090 998 2164 diemliniit,
1015 2107 1064 2147 ex-

10 2224 18 2245 .
60 2185 161 2238 cusata
183 2177 226 2236 rei
247 2176 395 2236 familiaris
414 2175 630 2251 mediocritate,
656 2193 711 2235 nec
726 2175 791 2254 plus
809 2182 1014 2252 perventurum
1030 2172 1066 2232 ad

10 2254 25 2349 't
57 2260 186 2322 heredes
206 2277 275 2320 suos
288 2278 372 2338 quanr
388 2260 483 2319 milies
501 2268 530 2318 et
548 2259 731 2337 quingenties
748 2258 918 2337 professus,
935 2258 1065 2335 quamvis

10 2372 37 2435 „p
58 2345 163 2422 viginti
178 2345 318 2423 proximis
334 2345 414 2403 annis
430 2342 632 2421 quaterdecies
644 2343 738 2402 milies
753 2361 792 2402 ex
804 2342 982 2401 testamentis
998 2340 1068 2400 arni*

10 2424 163 2516 ,saeorum
184 2429 385 2507 percepisset,
409 2427 485 2505 quod
508 2444 601 2504 paene
623 2445 706 2486 omne
726 2445 790 2486 cum
808 2425 919 2486 duobus
936 2424 1065 2504 paternis

10 2510 28 2583 ,”
59 2512 241 2592 patrimoniis
265 2513 430 2589 ceterisque
452 2510 659 2570 hereditatibus
681 2513 709 2570 in
730 2530 791 2571 rem
810 2529 839 2590 p.
864 2509 1063 2570 absumsisset.

10 2590 25 2684 ᾗ
59 2595 148 2657 lulius
162 2596 247 2656 liliam
260 2604 453 2673 neptemque,
469 2596 493 2653 si
507 2594 575 2672 quid
589 2596 624 2654 iis
639 2594 804 2672 accidisset,
821 2597 911 2654 vetuit
926 2593 1064 2671 sepulcro

10 2730 22 2751 ,
60 2697 114 2740 suo
132 2680 241 2738 inferri.
272 2678 376 2738 Tribus
392 2679 598 2756 voluminibus,
622 2697 678 2738 uno
695 2679 827 2739 mandata
843 2678 878 2737 de
895 2679 997 2736 lunere
1011 2693 1064 2735 suo

10 2760 37 2845 {q
62 2763 234 2842 complexus
254 2771 314 2839 est,
337 2763 429 2822 altero
449 2761 573 2821 indicem
594 2781 688 2822 rerum
709 2782 773 2823 ase
792 2771 953 2839 gestarum,
980 2777 1065 2837 quem

10 2845 153 2936 {parallel
174 2845 260 2906 incidi
282 2847 310 2904 in
331 2847 429 2906 aeneis
449 2845 570 2923 tabulis,
594 2865 667 2924 quae
683 2856 748 2906 ante
763 2845 943 2906 Mausoleum
959 2851 1064 2902 statue·

10 2984 25 3022 ε
60 2940 171 3007 rentur,
189 2931 275 2990 tertio
292 2929 465 2989 breviarium
480 2932 567 2989 totius
583 2931 712 3008 imperii,
729 2939 864 3008 quantum
880 2928 998 2986 militum
1011 2925 1063 2986 sub

10 3024 39 3107 ‚⁸
61 3015 153 3092 signis
169 3013 277 3092 ubique
293 3022 388 3089 esset,
411 3022 544 3091 quantum
559 3015 701 3092 pecuniae
717 3016 745 3072 in
764 3013 877 3072 aerario
897 3020 925 3070 et
941 3011 1020 3069 fiscis
1036 3017 1065 3068 et

39 3098 283 3176 ,uectigaliorum
304 3097 438 3177 residuis.
474 3096 590 3156 Adiecit
612 3106 640 3156 et
664 3098 834 3157 libertorum
856 3110 1065 3173 servorumque

10 3184 39 3276 ,p
61 3184 194 3260 nomina,
210 3199 227 3242 a
243 3179 345 3260 quibus
360 3183 434 3240 ratio
451 3182 530 3258 exigi
547 3188 658 3258 posset.

10 3311 25 3359 t

10 3405 30 3442 ’ί

452 3438 712 3451 *η’-’Μ
