2286 3944
415 212 623 260 PRAEFATIO.
899 213 964 262 LIII

119 373 149 426 ln
164 373 217 428 hnc
232 370 348 426 raritate
364 369 531 440 scriptorum
549 371 738 442 exemplorum
754 372 829 444 typis
846 389 956 445 quoque
973 381 1089 444 amatque·

56 457 257 528 impressorum
274 453 346 508 ratio
364 452 490 509 habenda
508 458 566 522 est,
588 469 677 525 eoque
693 455 782 525 mnsgi
798 457 871 526 quod
887 457 958 512 scri·
979 434 1088 487 principe·

56 540 113 613 ptis
127 543 217 594 aetate
231 535 362 608 supparia
378 541 441 591 sunt
455 542 483 591 et
501 536 662 609 exscriptis
675 539 821 594 codicibus
838 540 959 595 lidelitcr

56 621 188 693 repetita.
235 619 453 689 Diligentissima
472 619 558 690 igitur
571 619 788 692 investigatione
807 639 858 693 per
871 623 959 694 pluri-

57 720 117 760 mas
134 702 322 759 bibliothecas
345 703 416 758 iacta
433 718 488 772 ego
505 709 533 758 ct
547 702 629 758 amici
647 709 704 760 tres
723 705 862 760 editiones
882 706 962 762 inve-

58 788 149 842 nimus
178 785 378 857 priuoipnm
408 786 520 841 nomine
551 787 747 857 appellandas,
779 788 851 857 quod
886 805 963 844 suum

59 886 187 942 quaeque
215 869 346 940 scriptum
376 869 475 924 librum
501 869 644 940 sequitur,
675 870 834 925 rarissimas
858 886 963 927 omnes.

58 953 233 1010 Nomiuamns
250 951 403 1022 incertam,
419 954 570 1022 Venetam,
588 953 784 1008 Florentinum.

123 1037 291 1091 Incertae
312 1035 464 1106 editionis,
494 1053 564 1107 quae
591 1037 687 1091 urbem
710 1053 807 1092 annum
830 1042 963 1108 typogra-
992 1048 1075 1092 inem

58 1123 140 1193 phum
157 1135 289 1190 nusquam
308 1119 421 1190 prodit,
444 1121 569 1191 exempla
589 1119 666 1175 foliis
687 1121 737 1176 XV
751 1127 880 1175 constant
896 1137 964 1191 quu-

57 1203 189 1259 ternariis
204 1202 406 1258 versiculorum
419 1202 515 1258 XXIV.
555 1196 667 1258 ¹Titulus
684 1204 846 1260 maiusculis
861 1203 964 1262 litteris

56 1289 103 1343 hic
122 1293 178 1342 est:
202 1284 324 1341 Suetonii
339 1285 494 1357 Tranquilli
516 1287 549 1341 de
568 1281 573 1361 Ι
590 1289 779 1358 grammaticis
805 1293 831 1341 et
852 1287 963 1356 rhetore]

56 1371 108 1426 buc
121 1371 282 1425 clomssimis
297 1369 401 1424 libellus
415 1369 551 1440 foeliciter
566 1372 668 1440 incipit.
700 1378 858 1442 postremus
873 1371 962 1427 versi-

57 1455 137 1509 culus
153 1453 216 1508 hic:
240 1453 305 1511 ciba
337 1451 447 1508 uluis
466 1453 586 1508 AMEN.
620 1453 803 1525 Gottingense
820 1455 963 1527 exemplar

59 1536 153 1593 Osann
171 1535 349 1607 comparavit,
367 1536 579 1607 stuttgartinum
600 1537 789 1593 Francisci
806 1538 963 1593 Pieiiier

31 1651 33 1654 ·
58 1620 93 1675 V.
116 1619 145 1675 C.
173 1619 362 1675 benivolentia
386 1621 575 1676 transmissum
598 1637 667 1691 ego:
704 1627 850 1693 praeterea
873 1626 964 1677 exstat

56 1704 186 1759 Venetiis
201 1703 229 1757 in
244 1702 313 1758 bibl.
328 1704 474 1760 Marciana.
515 1703 645 1760 Prodisso
663 1704 854 1776 bibliographi
872 1705 964 1759 Vene-

57 1787 358 1846 tiiscircitera.1472
377 1804 411 1843 ex
433 1788 544 1844 cilicina
558 1787 665 1843 Nicolai
686 1789 787 1843 lenson
806 1788 964 1860 opinantur,

58 1869 384 1927 mavulthumanissimus
398 1872 576 1944 Iosephus
594 1871 844 1926 valentinelli
861 1871 965 1926 Medio-

57 1955 201 2010 lanensem
218 1952 347 2009 arbitrari
355 1948 399 2026 ³¹).

124 2037 294 2092 Venetam
317 2036 467 2092 editionem
489 2053 548 2090 oum
566 2037 692 2092 Modesto
708 2037 743 2090 de
763 2053 795 2090 re
809 2036 921 2090 militari
938 2042 966 2090 et
992 2045 1073 2088 venete

58 2121 158 2177 libello
180 2119 214 2175 de
232 2118 440 2188 magistratibus
458 2119 632 2174 coniunctam
651 2119 852 2188 impresserunt
873 2119 964 2174 barth.

58 2201 257 2259 Cremonensis
282 2218 314 2256 ac
335 2203 427 2258 Barth.
457 2203 492 2257 de
515 2201 598 2257 Caulo
620 2200 813 2257 vercellensis
840 2201 965 2257 consocii

55 2286 186 2343 Venetiis
203 2304 227 2342 a.
244 2280 366 2358 1474³²),
379 2285 524 2357 inscripsit
539 2285 777 2341 Reverendissimo
792 2284 899 2338 domino
918 2285 965 2340 do·

57 2402 260 2414 -————

57 2450 119 2501 bibl.
137 2449 197 2498 bibl.
215 2448 227 2498 1
246 2463 271 2514 p.
288 2449 349 2500 524.
377 2475 410 2484 -
436 2449 595 2498 Florentiuus
619 2449 645 2498 in
664 2449 835 2498 Laurentiana
849 2448 913 2514 plut.
932 2447 966 2500 89

56 2519 116 2568 cod.
133 2517 150 2568 8
168 2517 289 2568 Caesares
305 2532 405 2581 quoque
422 2515 533 2567 Suetonii
550 2519 669 2577 continet,
689 2518 734 2566 scd
750 2515 776 2566 iu
792 2515 966 2568 Grammaticis

55 2604 84 2655 p.
101 2586 167 2646 265,
186 2587 198 2636 l
216 2593 274 2651 post
291 2586 341 2634 Hic
353 2589 423 2636 initio
441 2585 533 2639 delicit.
557 2613 588 2624 -
609 2586 805 2650 Neapolitanus,
828 2586 886 2636 olim
905 2585 965 2634 Far-

57 2655 181 2706 nesianus
199 2655 262 2714 121,
284 2653 359 2704 hodie
376 2654 521 2704 inscribitur
538 2655 603 2704 Bibl.
622 2655 686 2720 Reg.
705 2655 747 2704 IV.
773 2669 794 2706 o.
813 2655 855 2706 21.
873 2678 906 2689 -
928 2652 965 2702 Dc

56 2723 211 2782 Havniensi,
228 2721 270 2786 qui
287 2723 344 2772 olim
360 2722 462 2772 Ioannis
479 2721 598 2772 Grammii
616 2722 672 2783 init,
689 2721 735 2772 cir.
754 2722 868 2772 Arntzen
882 2719 964 2787 praei.

57 2793 93 2843 ad
109 2792 171 2840 hur.
191 2791 325 2842 Victorem.

130 2859 175 2922 31)
195 2860 318 2908 Venetum
338 2860 404 2908 enim
423 2859 566 2925 exemplum
587 2860 667 2911 Class.
686 2859 756 2923 XIV,
777 2860 827 2911 176
853 2873 904 2908 uno
921 2873 966 2908 vo·

57 2929 155 2981 lumine
173 2928 319 2994 colligatum
336 2937 374 2977 est
392 2943 448 2976 cum
466 2927 647 2978 Mediolanensi
663 2929 746 2992 aliqua
760 2928 869 2977 editione
889 2925 966 2990 (Hsin

58 3013 104 3052 no.
125 2995 206 3060 6964)
226 2997 297 3046 cuius
317 2995 528 3062 typographicam
548 3011 648 3059 quoque
666 2996 775 3062 speciem
794 2995 881 3044 refert.
920 2993 967 3044 Ge·

57 3077 142 3119 terum
165 3066 284 3130 repetivit
305 3073 329 3114 et
351 3064 494 3114 emendavit
514 3067 635 3114 Incertam
660 3065 794 3113 editionem
819 3061 966 3120 Beroaldus,

58 3145 88 3186 nt
106 3134 191 3185 ierunt
206 3133 335 3184 Bononiae
354 3149 378 3182 a.
400 3132 480 3194 1504;
506 3147 588 3196 neque
609 3132 676 3181 enim
702 3133 760 3181 novi
782 3131 830 3180 nisi
849 3129 967 3195 Friburgi

59 3206 190 3255 inventam
203 3203 383 3268 repetitionem,
398 3217 472 3266 quam
488 3202 521 3250 M.
533 3199 681 3251 Schurerius
691 3199 855 3264 Argentorati
866 3212 889 3247 a.
900 3195 968 3246 1510

59 3273 145 3322 emisit
159 3287 194 3322 eae
205 3273 371 3334 castigatione
387 3270 499 3333 Philippi
509 3269 645 3323 Beroaldt':
661 3268 706 3320 cir.
722 3267 840 3317 Schrdter
856 3265 888 3315 ad
901 3265 965 3320 Aur.

62 3342 191 3391 Victorem
209 3341 241 3390 de
259 3340 321 3389 viris
338 3339 477 3388 illustribus
496 3354 522 3404 p.
538 3337 597 3388 XII.
619 3336 737 3386 Beroaidi
752 3336 832 3401 igitur
848 3331 967 3384 emenda·

61 3412 145 3461 tiones
163 3425 178 3459 a
194 3409 293 3458 nemine
310 3416 517 3457 commemoratas
533 3422 565 3455 ex
583 3405 630 3454 lrac
646 3405 795 3470 repetitione
812 3402 930 3471 cognovi.

132 3477 177 3541 32)
195 3478 264 3527 Idem
280 3476 423 3540 exemplum
439 3475 562 3525 hlaittairc
579 3475 725 3541 descripsit,
741 3473 769 3526 P.
782 3473 902 3524 Pithoeus
916 3469 965 3519 ulsl
