2256 3930
411 239 618 290 PRAEFATIO.
876 237 964 284 XCIII

56 401 119 456 niet
140 401 286 475 integram.
324 399 426 456 Horum
448 417 475 473 p.
499 405 563 470 304,
587 405 618 453 19
639 401 739 455 Pratis
760 405 902 454 servarunt
916 397 964 452 Ba-

58 483 187 540 silienses
210 483 263 541 duo
287 490 314 539 et
336 501 351 539 a
372 484 460 557 prima
481 499 562 539 manu
584 483 790 558 bambergensis
816 482 963 557 posterior,

54 571 156 640 partis
169 568 212 623 vel
224 567 340 640 partitis
353 567 396 623 vel
409 566 563 638 partesvel
576 569 708 638 partibus
721 584 777 638 sex,
788 575 893 637 partes
906 583 964 622 uon

55 645 220 726 libertisil)
236 669 307 708 unus
321 650 402 706 habet
421 650 425 722 Ι
445 658 476 704 21
491 653 634 723 lulligines
644 651 737 707 Cicero
752 667 861 722 quoque
876 650 909 706 de
925 649 964 704 di·

59 735 462 806 0111.2,14501Ρ111110011.11.
481 740 522 804 18,
537 740 586 788 361
607 741 709 791 norunt
728 734 733 806 Ι
751 740 785 788 28
804 737 891 790 litora
912 734 964 790 sali

59 819 132 875 Basil
148 823 171 873 l.
196 819 356 888 0111010112,
372 818 471 890 reliqui
485 821 569 875 litare
583 818 684 874 habent
702 812 706 893 Ι
726 824 758 872 23
776 819 919 890 Numquid
933 835 963 872 01

59 903 132 960 basil
151 909 176 958 2.
205 904 312 977 recepi,
334 919 394 958 curn
415 904 529 976 Ecquid
542 901 623 957 Bamb
638 909 670 972 2,
691 902 767 969 Quia
780 901 879 973 reliqui
899 902 964 956 0110-

59 994 130 1043 rant.

124 1070 209 1145 Caput
229 1069 303 1141 quod
321 1070 499 1144 perscribitur
526 1088 553 1144 p.
575 1076 640 1140 304,
659 1076 692 1124 32
714 1087 768 1126 non
789 1069 889 1126 habent
911 1069 964 1124 uisi

59 1157 140 1229 pauci
153 1155 230 1230 libri,
251 1154 411 1210 Basilienses
428 1153 498 1225 duo,
519 1154 725 1228 Bambergensis
745 1156 836 1228 prior,
856 1152 964 1209 Bruxel-

59 1239 146 1295 lanus.
184 1237 291 1294 Primus
312 1255 326 1294 e
346 1238 491 1295 Bodleiano
512 1238 605 1294 codice
626 1238 741 1312 protulit
760 1237 872 1294 lacobus
898 1238 964 1294 (110·

13 1368 17 1373 .
60 1323 155 1380 novius
182 1340 206 1378 a.
233 1327 315 1392 1098,
342 1322 493 1378 emendavit
520 1323 639 1395 quinque
666 1321 742 1377 libris
770 1321 870 1377 ltalicis
897 1338 964 1377 usus

60 1406 189 1463 Arevalus
218 1405 318 1462 Romae
346 1423 369 1462 a.
399 1412 474 1460 1803.
519 1408 681 1480 Argumenti
710 1423 791 1462 causa
813 1406 964 1479 comparari

60 1497 177 1565 possunt
196 1489 315 1546 isidorus
336 1489 446 1565 etymol.
468 1490 594 1560 11111,11.
614 1496 653 1544 18.
671 1497 712 1550 21,
734 1490 799 1561 XIV,
814 1495 841 1560 8,
856 1495 905 1559 413
920 1495 963 1543 43.

10 1592 14 1597 ·
60 1583 88 1631 01
98 1574 197 1631 Festus
210 1591 232 1630 s,
244 1591 268 1635 v.
278 1577 396 1647 flustra,
413 1578 494 1644 tullii,
511 1583 634 1631 torrens.
665 1573 799 1630 Notabilis
810 1574 876 1630 haec
887 1581 964 1630 sunt:

59 1665 92 1714 32
103 1659 204 1715 Pratis
215 1674 309 1714 omncs
329 1653 334 1732 Ι
353 1664 385 1712 33
402 1659 565 1715 Externum
577 1659 706 1714 Arevalus
717 1675 767 1733 pro
779 1660 948 1714 Extremum
959 1651 962 1737 Ι

10 1798 17 1805 .
60 1749 93 1798 36
109 1749 136 1799 et
150 1743 331 1799 Adriaticum
349 1743 426 1800 Bodl.
441 1743 520 1797 Brun.
536 1742 617 1797 liamb
634 1749 657 1803 1.
676 1737 686 1818 l
702 1749 768 1813 300,
784 1749 799 1796 3
823 1744 902 1799 Vada
917 1742 965 1797 Ba-

19 1882 24 1903 :
59 1827 130 1883 sill.
143 1832 168 1880 3.
195 1844 278 1900 rapu,
294 1843 379 1900 0000,
395 1844 487 1899 00090
502 1827 599 1898 reliqui
619 1824 624 1898 Ι
643 1835 658 1880 5
674 1828 801 1883 bracbea
816 1827 833 1880 i.
851 1843 875 1881 0.
892 1824 962 1901 βρα-

58 1904 110 1985 χέα
127 1909 279 1966 Odolredus
294 1910 389 1965 lliiller
403 1927 454 1984 pro
470 1913 590 1967 brachia
611 1910 615 1980 Ι
635 1917 650 1964 9
666 1911 789 1967 Poenica
804 1911 847 1964 lac
862 1910 965 1966 Grono-

58 1997 119 2050 vius
134 2010 185 2067 pro
198 1997 311 2064 panico,
326 1998 443 2064 punico,
455 1997 584 2064 pontico,
597 1998 735 2067 pontifico
754 1987 759 2070 Ι
780 2001 810 2047 11
824 1995 965 2050 sublaeta

58 2077 136 2135 Bodl.
149 2079 268 2134 satiata
280 2077 409 2133 Arevalus
429 2075 433 2153 Ι
454 2084 485 2131 12
496 2080 647 2135 abstrusas
658 2078 733 2134 Bodl.
746 2078 825 2132 Brun.
842 2076 923 2131 bamb
940 2084 963 2132 1.

59 2177 158 2219 omues
185 2163 314 2218 latebras
336 2163 450 2218 sublata
472 2165 543 2218 mole
566 2163 713 2217 abstrusos
735 2165 815 2217 sinus
836 2159 963 2216 Ribbeck.

59 2261 160 2304 omues
173 2246 303 2302 latebras
318 2247 427 2302 obiecta
439 2250 510 2302 mole
522 2247 654 2301 obstruas
667 2249 747 2302 siuas
758 2261 810 2318 ego
831 2242 835 2318 Ι
856 2250 886 2297 13
899 2246 965 2300 Atta

58 2331 104 2386 lac
120 2329 271 2386 Gronovius
286 2347 336 2404 pro
353 2338 431 2399 0010,
448 2338 524 2399 0010,
540 2332 611 2386 alita
630 2326 635 2402 Ι
656 2335 687 2383 13
701 2347 756 2401 pra
774 2331 840 2400 polo
855 2328 924 2383 basil
939 2333 964 2383 2.

57 2415 167 2486 populo
195 2413 270 2469 Badl.
303 2430 393 2486 parra
422 2417 531 2484 populo
560 2430 612 2486 ego
639 2410 643 2486 Ι
669 2420 700 2467 11
730 2416 781 2486 qui
806 2411 936 2469 Arevalus
960 2405 964 2491 Ι

61 2503 94 2553 18
113 2505 229 2554 torrens
250 2505 347 2553 terrae
367 2497 497 2552 Arevalus
519 2514 551 2553 ea
569 2497 689 2553 Varrone
705 2497 737 2553 de
752 2497 770 2552 l.
788 2496 806 2552 l.
823 2502 855 2568 6,
871 2504 896 2552 6.
934 2496 966 2552 de

59 2599 91 2638 10
112 2598 135 2636 r.
160 2587 191 2651 1,
211 2586 243 2652 2,
264 2587 280 2635 5
302 2589 330 2636 et
350 2581 431 2637 Festo
452 2599 474 2636 0.
490 2599 514 2642 ν,
531 2589 659 2653 terreus,
681 2583 765 2638 iuvito
780 2581 898 2651 isidoro,
916 2582 964 2636 cl.

60 2663 369 2740 01111101.’13,21,2.
415 2665 501 2722 1111101.
532 2672 561 2735 1,
584 2671 634 2718 244
653 2661 657 2741 Ι
678 2672 708 2720 10
737 2666 813 2723 Tulli
837 2664 938 2720 becker
961 2658 965 2743 Ι

59 2748 464 2805 20Αο100011011101101100
491 2766 541 2824 pro
565 2753 701 2820 anieuse,
724 2753 899 2819 animensae,
922 2765 968 2805 as·

59 2837 156 2890 sieuse
175 2827 181 2908 Ι
199 2838 231 2886 21
249 2836 409 2906 praecipiti
435 2849 486 2907 ego
509 2850 559 2907 pro
583 2838 759 2906 praecipite,
782 2835 967 2906 praecipitia,

55 2919 252 2990 praecipitim
273 2917 323 2973 011.
347 2917 475 2973 Horatius
498 2933 578 2972 carm.
604 2924 634 2987 1,
657 2923 688 2988 1,
713 2923 753 2971 13.
790 2917 891 2973 Statius
907 2917 964 2972 silv.

62 3009 95 3072 1,
110 3007 143 3071 0,
158 3006 201 3061 10,

125 3083 167 3139 Ad
186 3103 214 3159 p.
236 3089 301 3159 305,
322 3090 354 3138 22
375 3084 468 3140 decem
488 3084 567 3153 libri,
589 3086 660 3139 terni
681 3084 841 3140 Basilienses
863 3091 890 3140 et
904 3084 968 3140 Rer-

61 3185 178 3239 nenses,
200 3167 258 3223 bini
283 3168 496 3242 Bambergenses
522 3175 549 3224 et
568 3168 758 3239 llonaceuses,
779 3167 870 3224 collati
890 3175 967 3226 sunt:

131 3317 173 3379 91)
192 3315 224 3364 Id
244 3328 279 3364 ex
292 3315 459 3380 glossemate
472 3315 631 3365 0000011011·
647 3315 804 3364 accrevisse
817 3319 891 3377 puto.
924 3313 968 3365 Si·

61 3383 165 3433 militer
183 3385 256 3433 enirn
274 3397 299 3446 p.
314 3385 372 3444 304,
386 3385 418 3432 32
438 3382 472 3431 ed
485 3383 573 3431 Pratis
592 3381 745 3446 complures
763 3380 869 3432 libriin
888 3398 966 3433 anua-

61 3450 125 3500 libus
142 3449 229 3501 velia
247 3450 379 3500 annalibus
396 3451 467 3499 tibris
484 3457 593 3513 patrum,
612 3455 683 3513 etp.
704 3451 790 3511 abac
810 3449 842 3498 011
861 3453 886 3499 iu
905 3451 968 3502 10110

62 3519 174 3569 Poenico
194 3517 315 3568 additum
333 3517 437 3567 habeut
454 3519 480 3566 iu
497 3518 671 3579 inscriptione.
