2286 3944
113 200 174 262 lto
203 210 396 260 esrnroxr
407 190 889 270 monstruosissumam
898 212 1016 259 unm

109 368 199 430 dria·
214 365 317 424 crediti
333 363 467 422 servandi
482 383 571 424 eausa
589 373 708 439 secuto,
732 365 841 423 crimen
855 365 1015 423 maiestatis
1032 365 1107 444 apud

109 451 221 512 iudices
234 458 350 506 motum
377 447 480 506 Plures
501 457 605 507 notare
624 456 762 522 conatus,
782 464 887 523 magna
907 449 1106 526 inquisitorum

109 534 296 611 neglegentia
311 530 364 589 sed
377 548 431 590 suo
443 533 553 590 maiore
564 530 726 606 dedecore,
739 531 873 589 innoxios
888 530 951 589 iere
964 534 1105 610 repperit,

110 619 337 697 quibuscunque
359 614 532 673 caelibatum
551 623 601 673 ant
618 614 771 673 orbitatem
795 622 844 673 aut
861 622 1025 690 egestatem
1046 615 1104 674 obi·

110 710 204 777 teret,
219 700 353 772 maritos,
369 707 482 775 patres,
497 697 653 775 opulentos
667 716 700 755 se
712 697 916 774 probantibus;
929 715 967 756 eo
982 698 1126 775 quidemr

109 787 158 865 qui
174 785 288 844 sibimet
302 784 360 839 rim
379 782 459 840 ierro
479 781 610 840 intulisse
629 780 820 857 arguebatur,
842 781 984 840 inlaesum
1000 799 1104 860 corpus

109 878 194 928 reste
216 867 351 944 deposita
372 874 546 923 ostentante.
588 864 715 922 Fuerunt
735 873 765 922 et
784 864 835 923 illa
858 866 887 922 in
905 883 1028 925 censura
1046 867 1105 924 eius

109 951 263 1024 notabilia,
283 946 361 1026 quod
380 946 513 1006 essedum
535 957 721 1023 argenteum,
748 956 916 1024 sumptuose
937 947 1106 1008 tauricamm

110 1055 148 1096 ae
162 1034 266 1093 renale
281 1032 317 1091 ad
332 1031 494 1105 Sigillaria,
515 1031 616 1088 redimi
632 1029 803 1108 concidique
820 1048 918 1090 coram
940 1033 1106 1110 imperarit;

112 1118 248 1197 quodque
261 1132 319 1174 uuo
332 1113 380 1172 die
392 1113 449 1172 XX
461 1113 556 1172 edicta
571 1116 740 1191 proposuit,
762 1115 836 1172 inter
849 1132 922 1193 qnae
938 1114 1012 1191 duo,
1039 1132 1107 1193 quo·
1117 1129 1133 1169 o

111 1222 174 1262 rum
184 1201 277 1260 altero
286 1196 471 1271 admonebat,
487 1205 517 1254 ut
531 1196 612 1254 uberi
627 1200 773 1256 vinearun
789 1207 931 1274 proventu
941 1197 1018 1256 bene
1033 1189 1108 1257 dolia

111 1288 291 1365 piamentum
311 1281 422 1354 altero,
449 1279 518 1337 nihil
538 1298 631 1356 aeque
652 1280 752 1339 lacere
779 1280 816 1340 ad
839 1282 958 1359 viperae
983 1299 1107 1341 morsum

112 1387 197 1447 quam
213 1366 272 1424 taxi
287 1363 401 1421 arboris
415 1382 524 1421 sucum.

71 1461 104 1517 17
173 1446 393 1525 Expeditionem
412 1465 496 1505 unam
518 1448 634 1505 omnino
652 1448 798 1525 suscepit,
821 1465 943 1526 eamque
957 1447 1106 1507 modicam.

111 1533 198 1607 (lum,
213 1531 340 1589 decretis
356 1529 411 1588 sibi
426 1549 442 1589 a
457 1540 557 1589 senatu
574 1532 750 1589 ornamentis
764 1530 1001 1609 triumphalibus,
1018 1531 1107 1590 levio·
1116 1542 1133 1581 1⁵

110 1635 173 1676 rem
194 1614 335 1672 anatemati
361 1614 513 1692 principali
534 1614 644 1672 titulum
665 1613 853 1673 arbitraretur
875 1615 1023 1692 velletque
1045 1615 1108 1673 iusti

111 1697 245 1777 triumphi
256 1697 362 1771 decus,
376 1697 451 1756 unde
460 1697 624 1775 adquireret
635 1696 808 1757 britanniam
821 1699 1000 1775 potissimum
1008 1697 1107 1774 elegit,

111 1801 206 1861 neque
224 1788 390 1856 temptatam
405 1780 456 1839 ulli
475 1789 541 1858 post
550 1780 653 1839 Divum
665 1779 765 1839 lulium
777 1790 806 1840 et
820 1790 887 1840 tunc
895 1781 1108 1840 tumultuantem

111 1867 150 1928 ob
159 1884 217 1925 non
226 1863 355 1923 redditos
369 1865 542 1940 transfugas.
561 1863 624 1924 Huc
635 1882 698 1922 cunr
707 1863 743 1923 ab
754 1863 834 1923 Ostia
843 1867 1009 1941 navigaret,
1021 1865 1107 1924 rehe-

111 1951 199 2010 menti
212 1950 301 2008 circio
314 1947 359 2005 his
373 1965 467 2025 paene
479 1947 628 2006 demersus
640 1955 695 2022 est,
711 1966 804 2026 prope
817 1948 959 2024 Liguriam
971 1949 1134 2025 iuxtaqueo

112 2032 292 2094 Stoechadas
308 2031 426 2090 insulas.
456 2031 552 2105 Quare
568 2050 585 2090 a
599 2031 726 2090 liassilia
748 2031 934 2091 Gesoriacum
950 2049 1043 2109 usque
1060 2048 1107 2108 pe·

112 2118 204 2178 destri
219 2118 321 2175 itinere
337 2115 488 2189 coniecto,
510 2114 576 2173 inde
593 2116 762 2190 transmisit,
779 2133 814 2174 ac
830 2117 891 2174 sine
911 2114 971 2174 ullo
994 2114 1107 2192 proelio

112 2210 161 2262 aut
171 2200 311 2276 sanguine
322 2200 396 2257 intra
407 2199 597 2275 paucissimos
608 2197 671 2256 dies
682 2207 765 2276 parte
774 2198 884 2257 insulae
896 2200 924 2256 in
936 2197 1108 2256 deditionem

112 2292 250 2361 recepta,
276 2291 360 2340 sexto
386 2299 470 2359 quarn
492 2281 642 2359 proiectus
666 2290 728 2340 erat
751 2299 850 2340 mense
869 2281 990 2342 Romam
1016 2281 1108 2357 rediit,

111 2366 352 2444 triumphauitque
364 2365 487 2423 maximo
503 2373 650 2442 apparatu.
672 2363 718 2423 Ad
730 2365 809 2424 cuius
822 2365 1018 2442 spectaculum
1034 2381 1107 2424 com·
1116 2375 1135 2414 2⁵

111 2465 209 2509 rneare
224 2449 252 2503 in
267 2446 366 2505 urbem
377 2464 435 2506 nou
446 2447 540 2506 solum
553 2447 735 2525 praesidibus
747 2449 958 2525 provinciarum
969 2448 1108 2526 permisit,

111 2530 310 2591 verumetiam
325 2529 457 2588 exulibus
473 2530 656 2607 quibusdam;
681 2540 766 2609 atque
787 2533 861 2590 inter
882 2531 998 2591 hostilia
1014 2531 1109 2610 spolia

111 2612 243 2674 navalem
255 2629 390 2672 coronam
404 2613 521 2690 fastigio
532 2613 679 2673 Palatinae
694 2614 793 2674 domus
808 2615 886 2674 iuxta
902 2615 1024 2674 civicam
1039 2615 1108 2691 lixit,

111 2697 225 2758 traiecti
240 2704 269 2756 et
285 2698 366 2774 quasi
383 2696 479 2756 domiti
495 2695 603 2756 Oceani
625 2699 749 2774 insigne.
776 2695 896 2758 Currum
917 2699 979 2757 eius
1000 2698 1108 2758 Messa·

111 2781 169 2841 lina
179 2797 254 2840 uxor
265 2789 404 2858 carpento
421 2789 520 2840 secuta
533 2789 591 2850 est;
607 2783 700 2840 secuti
711 2790 741 2840 et
751 2781 930 2860 triumphalia
943 2789 1136 2841 ornamentum

112 2864 216 2925 eodem
229 2863 309 2923 bello
325 2864 436 2942 adepti,
454 2863 506 2924 sed
522 2865 612 2924 ceteri
624 2865 747 2944 pedibus
763 2867 831 2924 etin
846 2873 1007 2943 praetexta,
1025 2863 1108 2924 Gras-

112 2967 161 3008 sus
176 2947 265 3024 Frugi
284 2965 359 3026 equo
376 2948 527 3026 phalerato
544 2957 574 3008 et
588 2950 616 3006 in
632 2958 715 3008 veste
733 2949 869 3026 palmata,
887 2946 964 3028 quod
979 2966 1043 3008 eum
1059 2948 1109 3007 ho·

111 3049 212 3091 norem
227 3034 391 3092 iteraverat.

71 3124 105 3179 18
173 3115 259 3175 Urbis
275 3133 463 3193 annonaeque
479 3133 575 3175 curam
595 3114 801 3175 sollicitissime
822 3133 937 3193 semper
950 3116 1021 3192 egit.
1039 3113 1111 3174 Cum

111 3195 271 3258 Aemiliana
286 3201 462 3276 pertinacius
474 3198 622 3274 arderent,
639 3198 667 3256 in
679 3199 839 3259 diribitorio
851 3199 960 3258 duabus
973 3198 1109 3258 noctibus
1119 3213 1141 3254 aa

110 3282 229 3356 mansit,
250 3299 285 3339 ae
307 3282 460 3342 deficiente
483 3282 601 3341 militum
623 3300 657 3341 ac
679 3282 849 3342 familiarum
871 3282 969 3358 turba,
1000 3282 1109 3342 anxilio

111 3360 227 3440 plebem
244 3382 296 3440 per
307 3368 490 3442 magistratus
506 3384 543 3424 ex
558 3365 688 3424 omnibus
701 3367 774 3424 vicis
792 3368 966 3425 convocavit
980 3383 1014 3425 ac
1029 3367 1109 3444 posi-

111 3442 147 3504 lis
163 3452 227 3502 ante
243 3463 275 3502 se
294 3465 353 3504 “um
370 3451 491 3506 oecrria
509 3450 586 3494 oasa
617 3448 651 3504 ad
668 3447 892 3508 subveniendum
907 3450 1039 3509 hortatus
1052 3457 1110 3521 est,
