2256 3930
145 290 149 299 ·
209 264 488 328 nnrnnnmonuu
508 279 689 329 aratrorum
710 281 911 342 nnnronmrc.
1005 269 1066 330 307

76 454 173 517 quus,
188 434 299 494 fructus
315 433 435 494 alicuius
450 433 509 502 rei;
532 434 570 492 ita
587 434 708 494 alterum
726 436 761 495 ad
783 445 920 514 parentes
942 438 1068 514 pertinet

76 529 89 581 t
106 520 143 580 ad
166 521 210 578 ius
227 517 400 594 liberorum,
416 517 538 577 alterum
554 517 590 576 ad
605 520 802 595 possessionis
817 519 950 579 fructum.

124 601 205 663 Inter
219 602 371 662 terminum
387 610 415 660 et
431 600 529 678 linem]
553 602 689 662 terminus
707 612 752 662 est
767 603 826 662 loci
835 649 844 681 ,
871 603 933 661 linis
951 604 1010 673 rei;
1039 612 1069 663 et

76 688 200 748 erminus
216 685 309 746 dictas
326 693 370 744 est
384 683 420 744 ab
437 702 474 744 eo
490 684 567 762 quod
583 687 665 764 quasi
678 696 782 746 terram
795 688 911 760 minuat,
926 686 990 744 linis
1004 695 1068 764 pot·

76 780 108 830 at
124 788 193 830 esse
210 771 295 829 etiam
311 768 385 828 ultra
397 770 556 827 terminum.

103 853 246 929 ·llonos,
263 851 375 930 honor]
402 852 425 910 si
441 851 529 910 luerit
544 851 653 927 honos,
682 861 712 911 ut
732 869 825 931 nepos
844 852 897 911 dos
915 853 1067 930 sacerdos,

76 939 200 1012 genetivo
217 953 285 996 casu
300 937 337 995 sit
349 935 482 1010 honotis,
498 943 529 993 ut
544 935 619 994 dotis
635 937 813 1004 sacerdotis;
830 937 867 995 ita
882 936 1000 1013 dicimus
1016 936 1068 996 ho·

76 1039 117 1082 ror
135 1029 165 1080 ut
180 1019 282 1097 arhor,
299 1019 417 1079 honoris
433 1028 462 1078 ιιι
477 1017 599 1078 arboris.

125 1104 205 1164 Inter
226 1104 330 1163 iratum
352 1111 381 1162 et
401 1102 498 1180 mare]
524 1102 627 1161 fretum
648 1111 692 1161 est
715 1104 826 1180 angusti
846 1105 933 1164 maris
955 1103 1068 1180 fauces,

76 1206 145 1248 nare
168 1196 213 1247 est
233 1196 334 1265 patens
356 1195 385 1246 et
406 1186 465 1246 late
489 1185 625 1253 eliusum;
649 1188 687 1246 ita
707 1187 784 1265 quod
801 1204 880 1247 mare
896 1197 1009 1247 estnon
1025 1195 1069 1247 est

76 1276 187 1346 retum,
205 1270 282 1350 quod
298 1271 402 1330 fretum
416 1271 515 1348 utique
531 1287 610 1330 mare
628 1279 681 1329 est.

129 1354 209 1414 lnter
234 1354 406 1414 absconsum
434 1362 463 1412 et
489 1351 702 1431 absconditum]
722 1353 911 1430 absconsum,
939 1355 963 1412 si
989 1355 1068 1433 quic·

76 1457 152 1519 {uam
167 1447 197 1497 et
212 1436 325 1498 sublata
340 1437 558 1514 praepositione
573 1446 675 1515 posset
688 1455 754 1496 esse
768 1455 900 1505 consum:
917 1456 993 1497 nunc
1005 1456 1069 1497 cum

76 1524 104 1583 tit
121 1521 281 1595 conditum,
303 1520 404 1580 melius
427 1529 487 1595 est,
512 1521 590 1598 quod
612 1521 790 1581 etiamnunc
812 1530 911 1582 servat
928 1522 1070 1599 originem

76 1625 162 1679 tuam,
180 1605 388 1664 absconditum.

129 1687 209 1748 Inter
226 1697 374 1766 potentem
396 1686 511 1748 divitem
535 1687 714 1766 locupletem
741 1689 931 1767 pecuniosum
954 1689 1070 1749 beatum

76 1782 96 1834 rt
111 1771 300 1850 opulentum]
321 1780 427 1851 potens
450 1770 559 1830 viribus
583 1781 612 1830 et
634 1773 756 1849 imperio
781 1773 901 1848 dicitur,
935 1773 1069 1850 locuples

76 1855 218 1917 licebatur
239 1855 316 1934 apud
344 1855 477 1933 antiquos
494 1855 542 1932 qui
557 1855 630 1914 locis
646 1855 776 1933 plurimis
793 1854 971 1929 abundabat,
989 1856 1071 1914 dives

76 1939 192 2018 pecunia
207 1955 277 1999 auro
292 1948 321 1998 et
341 1947 462 2016 argento
477 1955 493 1998 a
506 1957 681 1999 nummorum
698 1941 783 2016 copia
799 1939 903 2011 dictus,
920 1938 1071 2014 pecuniosi

76 2021 257 2102 tpccorihus
278 2023 345 2082 dicti
367 2022 477 2101 (facilis
505 2024 578 2081 enim
609 2031 671 2082 erat
691 2039 786 2081 rerum
804 2021 985 2080 commutatio
1008 2037 1071 2079 cum

76 2107 111 2167 ris
133 2107 183 2184 qui
204 2124 239 2166 ea
257 2105 440 2184 habebant;)
464 2105 565 2165 beatus
587 2107 680 2166 animo
701 2106 764 2183 qui,
788 2103 899 2163 etiarnsi
919 2121 993 2181 opes
1014 2121 1071 2163 non

76 2189 167 2266 tabet,
179 2198 274 2249 tamen
289 2191 353 2268 quia
369 2207 419 2248 eas
435 2206 491 2249 non
504 2190 660 2266 desiderat,
678 2189 783 2249 abhoc
798 2196 964 2265 contemptu
976 2186 1072 2266 quoad

76 2274 191 2334 mimum
203 2273 306 2333 beatus
321 2273 438 2342 dicitur;
452 2272 606 2350 opulentus
625 2282 670 2332 est
685 2274 732 2352 qui
747 2271 924 2348 indulgentia
939 2271 1072 2330 lortunae

76 2365 192 2436 tropter
204 2355 324 2416 delicias
340 2357 445 2416 lentior
461 2365 521 2432 est,
539 2357 606 2417 ideo
623 2357 776 2435 opulentus
792 2372 878 2434 opum
894 2355 1072 2433 indulgentia

76 2449 176 2502 entus.

129 2522 210 2582 luter
227 2533 371 2600 pometum
387 2532 416 2582 et
430 2523 602 2602 pomarium]
621 2533 764 2602 pometum
780 2533 826 2584 est
841 2523 890 2582 ubi
913 2541 998 2602 poma
1022 2542 1071 2583 na·

78 2615 206 2682 cuntur,
231 2607 388 2684 pomarium
408 2605 456 2665 ubi
476 2625 561 2685 poma
590 2617 787 2685 reponuntur,
815 2609 883 2668 item
912 2608 1072 2686 pomerium

76 2708 153 2752 ocus
172 2690 249 2749 circa
264 2707 361 2749 muros
379 2698 424 2749 est
440 2708 525 2750 sacer
541 2690 643 2749 dictus.

131 2772 212 2834 luter
228 2773 289 2833 alas
311 2782 340 2833 et
361 2774 475 2852 pinnas]
497 2773 561 2833 alae
587 2784 652 2834 sunt
679 2775 782 2854 quibus
809 2776 912 2852 pinnae
939 2774 1070 2847 haerent,

76 2861 177 2919 ›tnnae
192 2865 285 2916 autem
301 2857 329 2915 in
345 2857 408 2917 alis.

131 2939 211 3000 luter
238 2940 326 3000 lintea
350 2950 379 3000 et
400 2941 476 3018 lina]
500 2940 588 2999 lintea
608 2949 673 2999 sunt
700 2950 850 3014 contexta,
875 2940 954 2999 velut
976 2939 1071 2997 tunica

76 3022 228 3100 tragulam
244 3023 356 3099 velum,
384 3023 440 3085 lina
463 3043 536 3101 quae
560 3024 682 3100 singulis
698 3024 800 3101 positis
822 3023 877 3081 lrlis
892 3023 1000 3082 habent
1020 3020 1070 3080 ali·

76 3127 126 3191 pua
140 3107 303 3166 intervalla.

131 3190 211 3250 Inter
233 3191 401 3250 cocliarrum
422 3200 451 3250 et
475 3191 614 3269 cocliare]
647 3189 800 3250 cocliarius
823 3197 868 3247 est
889 3189 937 3266 qui
953 3186 1071 3246 cocleas

76 3274 186 3348 eadit,
202 3274 339 3334 cocleare
355 3283 400 3335 est
416 3275 492 3353 quod
508 3276 620 3333 utimur.

133 3356 212 3417 luter
225 3359 352 3418 vinetum
369 3368 398 3418 et
413 3359 564 3436 vinarium]
594 3358 719 3417 vinetum
742 3364 787 3415 est
803 3354 850 3415 nbi
867 3352 931 3414 vina
950 3368 1071 3412 nascun-

76 3461 130 3519 ur,
148 3442 286 3500 vinarium
303 3451 347 3501 est
365 3442 442 3521 quod
461 3445 571 3501 utimur.

131 3522 266 3585 Firmiter
282 3535 311 3585 et
328 3525 414 3585 llrmis
432 3525 500 3586 nihil
517 3534 578 3601 est,
594 3524 689 3584 lirmus
706 3531 735 3582 et
750 3522 831 3583 firme
842 3530 925 3666 rpptp
940 3517 1075 3609 dicimus.
