<?xml version="1.0" encoding="UTF-8"?>
<!DOCTYPE html PUBLIC "-//W3C//DTD XHTML 1.0 Transitional//EN"
    "http://www.w3.org/TR/xhtml1/DTD/xhtml1-transitional.dtd">
<html xmlns="http://www.w3.org/1999/xhtml" xml:lang="en" lang="en">
 <head>
  <title>
</title>
<meta http-equiv="Content-Type" content="text/html;charset=utf-8" />
  <meta name='ocr-system' content='tesseract 3.04.00' />
  <meta name='ocr-capabilities' content='ocr_page ocr_carea ocr_par ocr_line ocrx_word'/>
</head>
<body>
  <div class='ocr_page' id='page_1' title='image "./csuetonitranqui01suetgoog_0130.png"; bbox 0 0 2256 3930; ppageno 0'>
   <div class='ocr_carea' id='block_1_1' title="bbox 428 278 1052 339">
    <p class='ocr_par' dir='ltr' id='par_1_1' title="bbox 428 278 1052 339">
     <span class='ocr_line' id='line_1_1' title="bbox 428 278 1052 339; baseline 0.003 -2"><span class='ocrx_word' id='word_1_1' title='bbox 428 289 534 338; x_wconf 82' lang='lat' dir='ltr'><strong>mvns</strong></span> <span class='ocrx_word' id='word_1_2' title='bbox 555 288 681 337; x_wconf 81' lang='lat' dir='ltr'><strong>sununs.</strong></span> <span class='ocrx_word' id='word_1_3' title='bbox 1017 278 1052 339; x_wconf 84' lang='lat'><strong>17</strong></span> 
     </span>
    </p>
   </div>
   <div class='ocr_carea' id='block_1_2' title="bbox 10 441 1099 3671">
    <p class='ocr_par' dir='ltr' id='par_1_2' title="bbox 52 441 1096 772">
     <span class='ocr_line' id='line_1_2' title="bbox 119 441 1096 522; baseline 0 -19"><span class='ocrx_word' id='word_1_4' title='bbox 119 442 269 505; x_wconf 76' lang='lat' dir='ltr'><strong>Confectis</strong></span> <span class='ocrx_word' id='word_1_5' title='bbox 290 441 379 502; x_wconf 92' lang='lat' dir='ltr'><strong>bellis</strong></span> <span class='ocrx_word' id='word_1_6' title='bbox 403 442 575 519; x_wconf 73' lang='lat' dir='ltr'>quinquiens</span> <span class='ocrx_word' id='word_1_7' title='bbox 599 443 796 521; x_wconf 79' lang='lat' dir='ltr'><strong>triumphauit,</strong></span> <span class='ocrx_word' id='word_1_8' title='bbox 822 452 893 522; x_wconf 88' lang='lat' dir='ltr'><strong>post·</strong></span> <span class='ocrx_word' id='word_1_9' title='bbox 913 442 1096 510; x_wconf 68' lang='lat' dir='ltr'><strong>deuictumat</strong></span> 
     </span>
     <span class='ocr_line' id='line_1_3' title="bbox 52 525 1056 607; baseline -0.002 -18"><span class='ocrx_word' id='word_1_10' title='bbox 52 530 226 607; x_wconf 81' lang='lat' dir='ltr'><strong>Scipionem</strong></span> <span class='ocrx_word' id='word_1_11' title='bbox 248 535 350 604; x_wconf 88' lang='lat' dir='ltr'><strong>quater</strong></span> <span class='ocrx_word' id='word_1_12' title='bbox 371 525 477 585; x_wconf 83' lang='lat' dir='ltr'><strong>eodem</strong></span> <span class='ocrx_word' id='word_1_13' title='bbox 495 544 611 601; x_wconf 89' lang='lat' dir='ltr'><strong>mense,</strong></span> <span class='ocrx_word' id='word_1_14' title='bbox 634 526 686 585; x_wconf 93' lang='lat' dir='ltr'><strong>sed</strong></span> <span class='ocrx_word' id='word_1_15' title='bbox 703 527 866 587; x_wconf 88' lang='lat' dir='ltr'><strong>interiectis</strong></span> <span class='ocrx_word' id='word_1_16' title='bbox 884 525 1001 603; x_wconf 87' lang='lat' dir='ltr'><strong>diebus,</strong></span> <span class='ocrx_word' id='word_1_17' title='bbox 1027 536 1056 587; x_wconf 90' lang='lat' dir='ltr'><strong>et</strong></span> 
     </span>
     <span class='ocr_line' id='line_1_4' title="bbox 54 608 1054 688; baseline -0.001 -16"><span class='ocrx_word' id='word_1_18' title='bbox 54 631 158 672; x_wconf 90' lang='lat' dir='ltr'><strong>rursus</strong></span> <span class='ocrx_word' id='word_1_19' title='bbox 174 610 265 670; x_wconf 90' lang='lat' dir='ltr'><strong>semel</strong></span> <span class='ocrx_word' id='word_1_20' title='bbox 283 618 352 688; x_wconf 91' lang='lat' dir='ltr'><strong>post</strong></span> <span class='ocrx_word' id='word_1_21' title='bbox 366 617 521 687; x_wconf 86' lang='lat' dir='ltr'><strong>superatos</strong></span> <span class='ocrx_word' id='word_1_22' title='bbox 535 608 656 687; x_wconf 88' lang='lat' dir='ltr'><strong>Pompei</strong></span> <span class='ocrx_word' id='word_1_23' title='bbox 670 609 788 670; x_wconf 87' lang='lat' dir='ltr'><strong>liberos.</strong></span> <span class='ocrx_word' id='word_1_24' title='bbox 822 611 944 670; x_wconf 89' lang='lat' dir='ltr'><strong>Primum</strong></span> <span class='ocrx_word' id='word_1_25' title='bbox 960 619 989 670; x_wconf 87' lang='lat' dir='ltr'><strong>et</strong></span> <span class='ocrx_word' id='word_1_26' title='bbox 1004 629 1054 671; x_wconf 82' lang='lat' dir='ltr'><strong>ex·</strong></span> 
     </span>
     <span class='ocr_line' id='line_1_5' title="bbox 55 691 1053 772; baseline -0.001 -18"><span class='ocrx_word' id='word_1_27' title='bbox 55 694 293 754; x_wconf 89' lang='lat' dir='ltr'><strong>cellentissimum</strong></span> <span class='ocrx_word' id='word_1_28' title='bbox 308 691 480 770; x_wconf 85' lang='lat' dir='ltr'><strong>triumphum</strong></span> <span class='ocrx_word' id='word_1_29' title='bbox 494 693 557 768; x_wconf 85' lang='lat' dir='ltr'><strong>egit·</strong></span> <span class='ocrx_word' id='word_1_30' title='bbox 568 691 724 769; x_wconf 83' lang='lat' dir='ltr'><strong>Gallicum,</strong></span> <span class='ocrx_word' id='word_1_31' title='bbox 743 703 915 772; x_wconf 81' lang='lat' dir='ltr'><strong>sequentem·</strong></span> <span class='ocrx_word' id='word_1_32' title='bbox 927 693 1053 755; x_wconf 79' lang='lat' dir='ltr'><strong>Alexan·</strong></span> 
     </span>
    </p>

    <p class='ocr_par' dir='ltr' id='par_1_3' title="bbox 10 774 1099 3671">
     <span class='ocr_line' id='line_1_6' title="bbox 28 774 1054 854; baseline 0.001 -18"><span class='ocrx_word' id='word_1_33' title='bbox 28 780 184 853; x_wconf 81' lang='lat' dir='ltr'><strong>cdrinum,</strong></span> <span class='ocrx_word' id='word_1_34' title='bbox 203 775 304 836; x_wconf 89' lang='lat' dir='ltr'><strong>deinde</strong></span> <span class='ocrx_word' id='word_1_35' title='bbox 321 775 491 851; x_wconf 82' lang='lat' dir='ltr'><strong>Ponticum,</strong></span> <span class='ocrx_word' id='word_1_36' title='bbox 503 774 570 837; x_wconf 89' lang='lat' dir='ltr'><strong>huic</strong></span> <span class='ocrx_word' id='word_1_37' title='bbox 585 778 750 854; x_wconf 70' lang='lat' dir='ltr'><strong>proximum.</strong></span> <span class='ocrx_word' id='word_1_38' title='bbox 762 777 943 854; x_wconf 76' lang='lat' dir='ltr'><strong>Africanum,</strong></span> <span class='ocrx_word' id='word_1_39' title='bbox 959 779 1054 837; x_wconf 83' lang='lat' dir='ltr'><strong>novis·</strong></span> 
     </span>
     <span class='ocr_line' id='line_1_7' title="bbox 54 858 1054 939; baseline -0.003 -16"><span class='ocrx_word' id='word_1_40' title='bbox 54 864 155 923; x_wconf 89' lang='lat' dir='ltr'><strong>simum</strong></span> <span class='ocrx_word' id='word_1_41' title='bbox 176 860 414 938; x_wconf 73' lang='lat' dir='ltr'><strong>Hispaniensem,</strong></span> <span class='ocrx_word' id='word_1_42' title='bbox 435 858 555 919; x_wconf 80' lang='lat' dir='ltr'><strong>diuerso</strong></span> <span class='ocrx_word' id='word_1_43' title='bbox 576 877 719 937; x_wconf 80' lang='lat' dir='ltr'><strong>quemque</strong></span> <span class='ocrx_word' id='word_1_44' title='bbox 741 869 882 939; x_wconf 85' lang='lat' dir='ltr'><strong>apparatu</strong></span> <span class='ocrx_word' id='word_1_45' title='bbox 902 870 930 919; x_wconf 91' lang='lat' dir='ltr'><strong>et</strong></span> <span class='ocrx_word' id='word_1_46' title='bbox 954 863 1054 920; x_wconf 90' lang='lat' dir='ltr'><strong>instru-</strong></span> 
     </span>
     <span class='ocr_line' id='line_1_8' title="bbox 52 941 1056 1022; baseline -0.003 -16"><span class='ocrx_word' id='word_1_47' title='bbox 52 954 165 1006; x_wconf 84' lang='lat' dir='ltr'><strong>mento..</strong></span> <span class='ocrx_word' id='word_1_48' title='bbox 207 943 309 1006; x_wconf 77' lang='lat' dir='ltr'><strong>Gallici</strong></span> <span class='ocrx_word' id='word_1_49' title='bbox 326 941 463 1021; x_wconf 83' lang='lat' dir='ltr'><strong>triumpbn&#39;</strong></span> <span class='ocrx_word' id='word_1_50' title='bbox 478 941 524 1002; x_wconf 89' lang='lat' dir='ltr'><strong>die</strong></span> <span class='ocrx_word' id='word_1_51' title='bbox 538 942 696 1003; x_wconf 76' lang='lat' dir='ltr'><strong>Velabrum</strong></span> <span class='ocrx_word' id='word_1_52' title='bbox 718 943 948 1021; x_wconf 83' lang='lat' dir='ltr'><strong>praetervehens</strong></span> <span class='ocrx_word' id='word_1_53' title='bbox 963 962 1056 1022; x_wconf 91' lang='lat' dir='ltr'><strong>paene</strong></span> 
     </span>
     <span class='ocr_line' id='line_1_9' title="bbox 55 1025 1057 1106; baseline -0.001 -18"><span class='ocrx_word' id='word_1_54' title='bbox 55 1039 140 1088; x_wconf 88' lang='lat' dir='ltr'><strong>curru</strong></span> <span class='ocrx_word' id='word_1_55' title='bbox 157 1045 298 1089; x_wconf 85' lang='lat' dir='ltr'><strong>excussus</strong></span> <span class='ocrx_word' id='word_1_56' title='bbox 314 1035 374 1102; x_wconf 89' lang='lat' dir='ltr'><strong>est,</strong></span> <span class='ocrx_word' id='word_1_57' title='bbox 391 1044 445 1085; x_wconf 83' lang='lat' dir='ltr'><strong>une</strong></span> <span class='ocrx_word' id='word_1_58' title='bbox 462 1025 607 1102; x_wconf 65' lang='lat' dir='ltr'><strong>distracto,</strong></span> <span class='ocrx_word' id='word_1_59' title='bbox 629 1026 816 1104; x_wconf 82' lang='lat' dir='ltr'><strong>ascenditque</strong></span> <span class='ocrx_word' id='word_1_60' title='bbox 834 1026 1006 1106; x_wconf 81' lang='lat' dir='ltr'><strong>Capitolium</strong></span> <span class='ocrx_word' id='word_1_61' title='bbox 1021 1026 1057 1087; x_wconf 93' lang='lat' dir='ltr'><strong>ad</strong></span> 
     </span>
     <span class='ocr_line' id='line_1_10' title="bbox 54 1108 1056 1188; baseline -0.004 -14"><span class='ocrx_word' id='word_1_62' title='bbox 54 1113 176 1187; x_wconf 87' lang='lat' dir='ltr'><strong>lumina,</strong></span> <span class='ocrx_word' id='word_1_63' title='bbox 201 1110 388 1188; x_wconf 81' lang='lat' dir='ltr'><strong>quadraginta</strong></span> <span class='ocrx_word' id='word_1_64' title='bbox 405 1108 567 1188; x_wconf 87' lang='lat' dir='ltr'><strong>elephantis</strong></span> <span class='ocrx_word' id='word_1_65' title='bbox 582 1108 687 1172; x_wconf 86' lang='lat' dir='ltr'><strong>dextra</strong></span> <span class='ocrx_word' id='word_1_66' title='bbox 705 1119 792 1187; x_wconf 86' lang='lat' dir='ltr'><strong>atque</strong></span> <span class='ocrx_word' id='word_1_67' title='bbox 808 1112 922 1171; x_wconf 89' lang='lat' dir='ltr'><strong>sinistra</strong></span> <span class='ocrx_word' id='word_1_68' title='bbox 938 1111 1056 1186; x_wconf 82' lang='lat' dir='ltr'><strong>lychnu-</strong></span> 
     </span>
     <span class='ocr_line' id='line_1_11' title="bbox 10 1193 1057 1286; baseline 0 -33"><span class='ocrx_word' id='word_1_69' title='bbox 10 1196 130 1286; x_wconf 70' lang='lat' dir='ltr'><strong>pccbos</strong></span> <span class='ocrx_word' id='word_1_70' title='bbox 149 1193 340 1272; x_wconf 79' lang='lat' dir='ltr'><strong>gestantibus.</strong></span> <span class='ocrx_word' id='word_1_71' title='bbox 385 1193 505 1253; x_wconf 87' lang='lat' dir='ltr'><strong>Pontico</strong></span> <span class='ocrx_word' id='word_1_72' title='bbox 529 1193 672 1271; x_wconf 89' lang='lat' dir='ltr'><strong>triumpho</strong></span> <span class='ocrx_word' id='word_1_73' title='bbox 696 1194 771 1253; x_wconf 89' lang='lat' dir='ltr'><strong>inter</strong></span> <span class='ocrx_word' id='word_1_74' title='bbox 797 1211 924 1272; x_wconf 79' lang='lat' dir='ltr'><strong>pompae</strong></span> <span class='ocrx_word' id='word_1_75' title='bbox 946 1194 1057 1254; x_wconf 85' lang='lat' dir='ltr'><strong>fercula</strong></span> 
     </span>
     <span class='ocr_line' id='line_1_12' title="bbox 54 1275 1057 1355; baseline -0.003 -16"><span class='ocrx_word' id='word_1_76' title='bbox 54 1279 138 1339; x_wconf 89' lang='lat' dir='ltr'><strong>trium</strong></span> <span class='ocrx_word' id='word_1_77' title='bbox 155 1277 313 1341; x_wconf 79' lang='lat' dir='ltr'><strong>verborum</strong></span> <span class='ocrx_word' id='word_1_78' title='bbox 325 1276 461 1355; x_wconf 87' lang='lat' dir='ltr'><strong>praetulit</strong></span> <span class='ocrx_word' id='word_1_79' title='bbox 474 1275 587 1339; x_wconf 75' lang='lat' dir='ltr'><strong>rituum</strong></span> <span class='ocrx_word' id='word_1_80' title='bbox 599 1277 699 1352; x_wconf 84' lang='lat' dir='ltr'><strong>veni,</strong></span> <span class='ocrx_word' id='word_1_81' title='bbox 717 1277 809 1354; x_wconf 83' lang='lat' dir='ltr'><strong>ridi,</strong></span> <span class='ocrx_word' id='word_1_82' title='bbox 828 1278 900 1336; x_wconf 86' lang='lat' dir='ltr'><strong>vici</strong></span> <span class='ocrx_word' id='word_1_83' title='bbox 921 1286 1057 1338; x_wconf 86' lang='lat' dir='ltr'><strong>nonanta</strong></span> 
     </span>
     <span class='ocr_line' id='line_1_13' title="bbox 54 1360 1056 1438; baseline -0.002 -17"><span class='ocrx_word' id='word_1_84' title='bbox 54 1362 126 1422; x_wconf 89' lang='lat' dir='ltr'><strong>belli</strong></span> <span class='ocrx_word' id='word_1_85' title='bbox 149 1361 375 1438; x_wconf 76' lang='lat' dir='ltr'><strong>signficannem,</strong></span> <span class='ocrx_word' id='word_1_86' title='bbox 399 1360 472 1419; x_wconf 88' lang='lat' dir='ltr'><strong>sicut</strong></span> <span class='ocrx_word' id='word_1_87' title='bbox 494 1361 618 1434; x_wconf 88' lang='lat' dir='ltr'><strong>ceteris,</strong></span> <span class='ocrx_word' id='word_1_88' title='bbox 642 1360 693 1420; x_wconf 90' lang='lat' dir='ltr'><strong>sed</strong></span> <span class='ocrx_word' id='word_1_89' title='bbox 709 1360 846 1420; x_wconf 76' lang='lat' dir='ltr'><strong>celeriter</strong></span> <span class='ocrx_word' id='word_1_90' title='bbox 861 1362 987 1421; x_wconf 87' lang='lat' dir='ltr'><strong>coniecti</strong></span> <span class='ocrx_word' id='word_1_91' title='bbox 1006 1378 1056 1420; x_wconf 92' lang='lat' dir='ltr'><strong>no·</strong></span> 
     </span>
     <span class='ocr_line' id='line_1_14' title="bbox 55 1443 1099 1523; baseline -0.001 -17"><span class='ocrx_word' id='word_1_92' title='bbox 55 1455 121 1506; x_wconf 85' lang='lat' dir='ltr'><strong>tem.</strong></span> <span class='ocrx_word' id='word_1_93' title='bbox 165 1444 322 1505; x_wconf 73' lang='lat' dir='ltr'><strong>veteranis</strong></span> <span class='ocrx_word' id='word_1_94' title='bbox 343 1443 512 1519; x_wconf 78' lang='lat' dir='ltr'><strong>legionibus</strong></span> <span class='ocrx_word' id='word_1_95' title='bbox 530 1443 657 1522; x_wconf 88' lang='lat' dir='ltr'><strong>praedae</strong></span> <span class='ocrx_word' id='word_1_96' title='bbox 679 1445 794 1503; x_wconf 90' lang='lat' dir='ltr'><strong>nomine</strong></span> <span class='ocrx_word' id='word_1_97' title='bbox 815 1446 843 1503; x_wconf 94' lang='lat' dir='ltr'><strong>in</strong></span> <span class='ocrx_word' id='word_1_98' title='bbox 867 1445 980 1523; x_wconf 84' lang='lat' dir='ltr'><strong>pedites</strong></span> <span class='ocrx_word' id='word_1_99' title='bbox 1001 1445 1099 1505; x_wconf 78' lang='lat' dir='ltr'><strong>ein-38</strong></span> 
     </span>
     <span class='ocr_line' id='line_1_15' title="bbox 55 1527 1055 1606; baseline -0.002 -18"><span class='ocrx_word' id='word_1_100' title='bbox 55 1527 143 1606; x_wconf 89' lang='lat' dir='ltr'><strong>gulos</strong></span> <span class='ocrx_word' id='word_1_101' title='bbox 159 1546 248 1606; x_wconf 92' lang='lat' dir='ltr'><strong>super</strong></span> <span class='ocrx_word' id='word_1_102' title='bbox 262 1527 330 1587; x_wconf 89' lang='lat' dir='ltr'><strong>bina</strong></span> <span class='ocrx_word' id='word_1_103' title='bbox 343 1528 490 1603; x_wconf 82' lang='lat' dir='ltr'><strong>scatentia,</strong></span> <span class='ocrx_word' id='word_1_104' title='bbox 509 1545 584 1603; x_wconf 89' lang='lat' dir='ltr'><strong>quae</strong></span> <span class='ocrx_word' id='word_1_105' title='bbox 600 1527 681 1587; x_wconf 86' lang='lat' dir='ltr'><strong>initio</strong></span> <span class='ocrx_word' id='word_1_106' title='bbox 698 1527 790 1587; x_wconf 86' lang='lat' dir='ltr'><strong>civilis</strong></span> <span class='ocrx_word' id='word_1_107' title='bbox 806 1527 940 1589; x_wconf 90' lang='lat' dir='ltr'><strong>tumultus</strong></span> <span class='ocrx_word' id='word_1_108' title='bbox 960 1545 1055 1587; x_wconf 90' lang='lat' dir='ltr'><strong>nume·</strong></span> 
     </span>
     <span class='ocr_line' id='line_1_16' title="bbox 21 1610 1057 1688; baseline 0.001 -20"><span class='ocrx_word' id='word_1_109' title='bbox 21 1621 188 1688; x_wconf 78' lang='lat' dir='ltr'><strong>straverat,</strong></span> <span class='ocrx_word' id='word_1_110' title='bbox 204 1611 307 1675; x_wconf 86' lang='lat' dir='ltr'><strong>vicena</strong></span> <span class='ocrx_word' id='word_1_111' title='bbox 323 1617 462 1688; x_wconf 85' lang='lat' dir='ltr'><strong>quaterna</strong></span> <span class='ocrx_word' id='word_1_112' title='bbox 476 1610 553 1669; x_wconf 90' lang='lat' dir='ltr'><strong>milia</strong></span> <span class='ocrx_word' id='word_1_113' title='bbox 563 1628 704 1670; x_wconf 90' lang='lat' dir='ltr'><strong>nummum</strong></span> <span class='ocrx_word' id='word_1_114' title='bbox 720 1610 807 1670; x_wconf 88' lang='lat' dir='ltr'><strong>dedit.</strong></span> <span class='ocrx_word' id='word_1_115' title='bbox 840 1610 1013 1687; x_wconf 74' lang='lat' dir='ltr'><strong>bdsignavit</strong></span> <span class='ocrx_word' id='word_1_116' title='bbox 1028 1619 1057 1669; x_wconf 90' lang='lat' dir='ltr'><strong>et</strong></span> 
     </span>
     <span class='ocr_line' id='line_1_17' title="bbox 10 1693 1077 1774; baseline -0.003 -19"><span class='ocrx_word' id='word_1_117' title='bbox 10 1708 19 1721; x_wconf 82' lang='grc'><strong><em>’</em></strong></span> <span class='ocrx_word' id='word_1_118' title='bbox 56 1712 156 1772; x_wconf 83' lang='lat' dir='ltr'><strong>agros,</strong></span> <span class='ocrx_word' id='word_1_119' title='bbox 173 1693 297 1754; x_wconf 90' lang='lat' dir='ltr'><strong>sednon</strong></span> <span class='ocrx_word' id='word_1_120' title='bbox 314 1694 474 1769; x_wconf 91' lang='lat' dir='ltr'><strong>continuos,</strong></span> <span class='ocrx_word' id='word_1_121' title='bbox 492 1711 530 1753; x_wconf 92' lang='lat' dir='ltr'><strong>ne</strong></span> <span class='ocrx_word' id='word_1_122' title='bbox 547 1695 610 1771; x_wconf 92' lang='lat' dir='ltr'><strong>quis</strong></span> <span class='ocrx_word' id='word_1_123' title='bbox 626 1711 830 1772; x_wconf 81' lang='lat' dir='ltr'><strong>possessorum</strong></span> <span class='ocrx_word' id='word_1_124' title='bbox 848 1695 1055 1774; x_wconf 83' lang='lat' dir='ltr'><strong>expelleretur.</strong></span> <span class='ocrx_word' id='word_1_125' title='bbox 1074 1764 1077 1769; x_wconf 13' lang='lat' dir='ltr'><strong>q</strong></span> 
     </span>
     <span class='ocr_line' id='line_1_18' title="bbox 55 1776 1056 1857; baseline -0.003 -19"><span class='ocrx_word' id='word_1_126' title='bbox 55 1777 169 1857; x_wconf 84' lang='lat' dir='ltr'><strong>Populo</strong></span> <span class='ocrx_word' id='word_1_127' title='bbox 185 1785 302 1856; x_wconf 80' lang='lat' dir='ltr'><strong>praeter</strong></span> <span class='ocrx_word' id='word_1_128' title='bbox 316 1777 452 1837; x_wconf 80' lang='lat' dir='ltr'><strong>frumenti</strong></span> <span class='ocrx_word' id='word_1_129' title='bbox 462 1776 554 1837; x_wconf 88' lang='lat' dir='ltr'><strong>denos</strong></span> <span class='ocrx_word' id='word_1_130' title='bbox 571 1777 684 1837; x_wconf 93' lang='lat' dir='ltr'><strong>modios</strong></span> <span class='ocrx_word' id='word_1_131' title='bbox 703 1796 738 1838; x_wconf 94' lang='lat' dir='ltr'><strong>ac</strong></span> <span class='ocrx_word' id='word_1_132' title='bbox 752 1779 871 1840; x_wconf 89' lang='lat' dir='ltr'><strong>totidem</strong></span> <span class='ocrx_word' id='word_1_133' title='bbox 891 1778 949 1838; x_wconf 92' lang='lat' dir='ltr'><strong>olei</strong></span> <span class='ocrx_word' id='word_1_134' title='bbox 967 1777 1056 1836; x_wconf 87' lang='lat' dir='ltr'><strong>libras</strong></span> 
     </span>
     <span class='ocr_line' id='line_1_19' title="bbox 10 1861 1057 1940; baseline -0.003 -19"><span class='ocrx_word' id='word_1_135' title='bbox 10 1867 23 1891; x_wconf 79' lang='lat'>⁸</span> <span class='ocrx_word' id='word_1_136' title='bbox 54 1871 193 1922; x_wconf 87' lang='lat' dir='ltr'><strong>trecenos</strong></span> <span class='ocrx_word' id='word_1_137' title='bbox 216 1878 332 1938; x_wconf 90' lang='lat' dir='ltr'><strong>quoque</strong></span> <span class='ocrx_word' id='word_1_138' title='bbox 348 1877 494 1936; x_wconf 84' lang='lat' dir='ltr'><strong>nummos,</strong></span> <span class='ocrx_word' id='word_1_139' title='bbox 513 1878 586 1938; x_wconf 94' lang='lat' dir='ltr'><strong>quos</strong></span> <span class='ocrx_word' id='word_1_140' title='bbox 606 1861 755 1940; x_wconf 89' lang='lat' dir='ltr'><strong>pollicitus</strong></span> <span class='ocrx_word' id='word_1_141' title='bbox 766 1862 834 1922; x_wconf 90' lang='lat' dir='ltr'><strong>olim</strong></span> <span class='ocrx_word' id='word_1_142' title='bbox 854 1871 933 1937; x_wconf 90' lang='lat' dir='ltr'><strong>crat,</strong></span> <span class='ocrx_word' id='word_1_143' title='bbox 952 1861 1057 1920; x_wconf 84' lang='lat' dir='ltr'><strong>viritim</strong></span> 
     </span>
     <span class='ocr_line' id='line_1_20' title="bbox 55 1943 1056 2023; baseline -0.001 -19"><span class='ocrx_word' id='word_1_144' title='bbox 55 1945 162 2021; x_wconf 86' lang='lat' dir='ltr'><strong>divisit,</strong></span> <span class='ocrx_word' id='word_1_145' title='bbox 179 1952 209 2005; x_wconf 89' lang='lat' dir='ltr'><strong>et</strong></span> <span class='ocrx_word' id='word_1_146' title='bbox 224 1943 281 2003; x_wconf 91' lang='lat' dir='ltr'><strong>boc</strong></span> <span class='ocrx_word' id='word_1_147' title='bbox 295 1943 416 2022; x_wconf 81' lang='lat' dir='ltr'><strong>emplius</strong></span> <span class='ocrx_word' id='word_1_148' title='bbox 429 1952 570 2005; x_wconf 86' lang='lat' dir='ltr'><strong>centenos</strong></span> <span class='ocrx_word' id='word_1_149' title='bbox 581 1961 635 2023; x_wconf 94' lang='lat' dir='ltr'><strong>pro</strong></span> <span class='ocrx_word' id='word_1_150' title='bbox 650 1961 740 2005; x_wconf 85' lang='lat' dir='ltr'><strong>mora.</strong></span> <span class='ocrx_word' id='word_1_151' title='bbox 766 1944 896 2004; x_wconf 82' lang='lat' dir='ltr'><strong>Annuam</strong></span> <span class='ocrx_word' id='word_1_152' title='bbox 910 1945 997 2004; x_wconf 91' lang='lat' dir='ltr'><strong>etiam</strong></span> <span class='ocrx_word' id='word_1_153' title='bbox 1008 1943 1056 2003; x_wconf 92' lang='lat' dir='ltr'><strong>ba·</strong></span> 
     </span>
     <span class='ocr_line' id='line_1_21' title="bbox 10 2012 1057 2104; baseline -0.005 -15"><span class='ocrx_word' id='word_1_154' title='bbox 10 2012 46 2089; x_wconf 79' lang='lat' dir='ltr'><strong>lu</strong></span> <span class='ocrx_word' id='word_1_155' title='bbox 56 2029 222 2087; x_wconf 86' lang='lat' dir='ltr'><strong>bitationem</strong></span> <span class='ocrx_word' id='word_1_156' title='bbox 235 2027 347 2093; x_wconf 74' lang='lat' dir='ltr'><strong>Rornae</strong></span> <span class='ocrx_word' id='word_1_157' title='bbox 361 2026 506 2104; x_wconf 82' lang='lat' dir='ltr'><strong>usquead</strong></span> <span class='ocrx_word' id='word_1_158' title='bbox 521 2026 586 2088; x_wconf 92' lang='lat' dir='ltr'><strong>bina</strong></span> <span class='ocrx_word' id='word_1_159' title='bbox 601 2028 677 2088; x_wconf 87' lang='lat' dir='ltr'><strong>milia</strong></span> <span class='ocrx_word' id='word_1_160' title='bbox 694 2047 851 2104; x_wconf 89' lang='lat' dir='ltr'><strong>nummum,</strong></span> <span class='ocrx_word' id='word_1_161' title='bbox 863 2029 893 2086; x_wconf 91' lang='lat' dir='ltr'><strong>in</strong></span> <span class='ocrx_word' id='word_1_162' title='bbox 907 2027 988 2087; x_wconf 92' lang='lat' dir='ltr'><strong>ltalia</strong></span> <span class='ocrx_word' id='word_1_163' title='bbox 1000 2042 1057 2085; x_wconf 92' lang='lat' dir='ltr'><strong>non</strong></span> 
     </span>
     <span class='ocr_line' id='line_1_22' title="bbox 54 2110 1057 2189; baseline -0.004 -17"><span class='ocrx_word' id='word_1_164' title='bbox 54 2112 128 2172; x_wconf 89' lang='lat' dir='ltr'><strong>ultra</strong></span> <span class='ocrx_word' id='word_1_165' title='bbox 140 2111 303 2189; x_wconf 86' lang='lat' dir='ltr'><strong>quingenos</strong></span> <span class='ocrx_word' id='word_1_166' title='bbox 316 2111 469 2173; x_wconf 89' lang='lat' dir='ltr'><strong>sestertios</strong></span> <span class='ocrx_word' id='word_1_167' title='bbox 482 2112 600 2171; x_wconf 85' lang='lat' dir='ltr'><strong>remisit.</strong></span> <span class='ocrx_word' id='word_1_168' title='bbox 630 2110 746 2171; x_wconf 80' lang='lat' dir='ltr'><strong>Adiecit</strong></span> <span class='ocrx_word' id='word_1_169' title='bbox 768 2111 883 2189; x_wconf 88' lang='lat' dir='ltr'><strong>epulum</strong></span> <span class='ocrx_word' id='word_1_170' title='bbox 904 2128 939 2169; x_wconf 89' lang='lat' dir='ltr'><strong>ac</strong></span> <span class='ocrx_word' id='word_1_171' title='bbox 963 2111 1057 2169; x_wconf 83' lang='lat' dir='ltr'><strong>visce-</strong></span> 
     </span>
     <span class='ocr_line' id='line_1_23' title="bbox 54 2192 1058 2271; baseline -0.004 -17"><span class='ocrx_word' id='word_1_172' title='bbox 54 2195 209 2270; x_wconf 88' lang='lat' dir='ltr'><strong>rationem,</strong></span> <span class='ocrx_word' id='word_1_173' title='bbox 227 2201 341 2271; x_wconf 89' lang='lat' dir='ltr'><strong>etpost</strong></span> <span class='ocrx_word' id='word_1_174' title='bbox 359 2192 580 2271; x_wconf 81' lang='lat' dir='ltr'><strong>Hispaniensem</strong></span> <span class='ocrx_word' id='word_1_175' title='bbox 596 2195 746 2255; x_wconf 83' lang='lat' dir='ltr'><strong>uictoriam</strong></span> <span class='ocrx_word' id='word_1_176' title='bbox 764 2195 820 2254; x_wconf 91' lang='lat' dir='ltr'><strong>duo</strong></span> <span class='ocrx_word' id='word_1_177' title='bbox 842 2192 975 2271; x_wconf 86' lang='lat' dir='ltr'><strong>prandia;</strong></span> <span class='ocrx_word' id='word_1_178' title='bbox 993 2210 1058 2252; x_wconf 92' lang='lat' dir='ltr'><strong>nam</strong></span> 
     </span>
     <span class='ocr_line' id='line_1_24' title="bbox 10 2275 1057 2356; baseline -0.002 -20"><span class='ocrx_word' id='word_1_179' title='bbox 10 2278 13 2301; x_wconf 76' lang='lat'>³</span> <span class='ocrx_word' id='word_1_180' title='bbox 55 2296 118 2336; x_wconf 87' lang='lat' dir='ltr'><strong>curu</strong></span> <span class='ocrx_word' id='word_1_181' title='bbox 129 2279 209 2356; x_wconf 87' lang='lat' dir='ltr'><strong>prius</strong></span> <span class='ocrx_word' id='word_1_182' title='bbox 218 2293 414 2355; x_wconf 82' lang='lat' dir='ltr'><strong>paroeneque</strong></span> <span class='ocrx_word' id='word_1_183' title='bbox 424 2293 478 2355; x_wconf 92' lang='lat' dir='ltr'><strong>pro</strong></span> <span class='ocrx_word' id='word_1_184' title='bbox 488 2276 663 2337; x_wconf 81' lang='lat' dir='ltr'><strong>liberalitate</strong></span> <span class='ocrx_word' id='word_1_185' title='bbox 673 2295 724 2338; x_wconf 85' lang='lat' dir='ltr'><strong>sua</strong></span> <span class='ocrx_word' id='word_1_186' title='bbox 737 2276 899 2356; x_wconf 91' lang='lat' dir='ltr'><strong>praebitum</strong></span> <span class='ocrx_word' id='word_1_187' title='bbox 908 2275 1057 2352; x_wconf 86' lang='lat' dir='ltr'><strong>indicaret,</strong></span> 
     </span>
     <span class='ocr_line' id='line_1_25' title="bbox 10 2358 1099 2439; baseline -0.001 -20"><span class='ocrx_word' id='word_1_188' title='bbox 10 2388 13 2397; x_wconf 80' lang='lat'><em>=</em></span> <span class='ocrx_word' id='word_1_189' title='bbox 55 2361 154 2438; x_wconf 93' lang='lat' dir='ltr'><strong>quinto</strong></span> <span class='ocrx_word' id='word_1_190' title='bbox 167 2368 235 2439; x_wconf 86' lang='lat' dir='ltr'><strong>post</strong></span> <span class='ocrx_word' id='word_1_191' title='bbox 249 2358 297 2420; x_wconf 87' lang='lat' dir='ltr'><strong>die</strong></span> <span class='ocrx_word' id='word_1_192' title='bbox 311 2358 388 2420; x_wconf 90' lang='lat' dir='ltr'><strong>aliud</strong></span> <span class='ocrx_word' id='word_1_193' title='bbox 400 2359 590 2436; x_wconf 87' lang='lat' dir='ltr'><strong>largissimum</strong></span> <span class='ocrx_word' id='word_1_194' title='bbox 605 2360 747 2439; x_wconf 89' lang='lat' dir='ltr'><strong>praebuit.</strong></span> <span class='ocrx_word' id='word_1_195' title='bbox 779 2360 876 2422; x_wconf 89' lang='lat' dir='ltr'><strong>Edidit</strong></span> <span class='ocrx_word' id='word_1_196' title='bbox 889 2359 1058 2439; x_wconf 90' lang='lat' dir='ltr'><strong>spectacula</strong></span> <span class='ocrx_word' id='word_1_197' title='bbox 1066 2365 1099 2418; x_wconf 81' lang='lat'><strong>39</strong></span> 
     </span>
     <span class='ocr_line' id='line_1_26' title="bbox 10 2428 1057 2522; baseline 0.001 -21"><span class='ocrx_word' id='word_1_198' title='bbox 10 2428 45 2501; x_wconf 76' lang='lat' dir='ltr'><strong>bn</strong></span> <span class='ocrx_word' id='word_1_199' title='bbox 54 2443 127 2502; x_wconf 88' lang='lat' dir='ltr'><strong>varii</strong></span> <span class='ocrx_word' id='word_1_200' title='bbox 137 2443 270 2520; x_wconf 86' lang='lat' dir='ltr'><strong>generis:</strong></span> <span class='ocrx_word' id='word_1_201' title='bbox 282 2461 383 2503; x_wconf 87' lang='lat' dir='ltr'><strong>munus</strong></span> <span class='ocrx_word' id='word_1_202' title='bbox 392 2443 604 2521; x_wconf 82' lang='lat' dir='ltr'><strong>gladiatorium,</strong></span> <span class='ocrx_word' id='word_1_203' title='bbox 614 2444 699 2505; x_wconf 93' lang='lat' dir='ltr'><strong>ludos</strong></span> <span class='ocrx_word' id='word_1_204' title='bbox 709 2446 793 2507; x_wconf 84' lang='lat' dir='ltr'><strong>etiem</strong></span> <span class='ocrx_word' id='word_1_205' title='bbox 803 2446 974 2522; x_wconf 82' lang='lat' dir='ltr'><strong>regionatim</strong></span> <span class='ocrx_word' id='word_1_206' title='bbox 985 2442 1057 2502; x_wconf 87' lang='lat' dir='ltr'><strong>urbe</strong></span> 
     </span>
     <span class='ocr_line' id='line_1_27' title="bbox 10 2526 1057 2605; baseline -0.001 -19"><span class='ocrx_word' id='word_1_207' title='bbox 10 2527 14 2565; x_wconf 78' lang='lat'><strong>¹</strong></span> <span class='ocrx_word' id='word_1_208' title='bbox 53 2535 115 2586; x_wconf 88' lang='lat' dir='ltr'><strong>tota</strong></span> <span class='ocrx_word' id='word_1_209' title='bbox 127 2535 156 2586; x_wconf 86' lang='lat' dir='ltr'><strong>at</strong></span> <span class='ocrx_word' id='word_1_210' title='bbox 169 2526 282 2605; x_wconf 88' lang='lat' dir='ltr'><strong>quidem</strong></span> <span class='ocrx_word' id='word_1_211' title='bbox 298 2544 352 2605; x_wconf 86' lang='lat' dir='ltr'><strong>per</strong></span> <span class='ocrx_word' id='word_1_212' title='bbox 365 2527 488 2587; x_wconf 87' lang='lat' dir='ltr'><strong>omnium</strong></span> <span class='ocrx_word' id='word_1_213' title='bbox 501 2527 662 2604; x_wconf 82' lang='lat' dir='ltr'><strong>linguarum</strong></span> <span class='ocrx_word' id='word_1_214' title='bbox 677 2528 849 2605; x_wconf 78' lang='lat' dir='ltr'><strong>histriones,</strong></span> <span class='ocrx_word' id='word_1_215' title='bbox 865 2530 932 2588; x_wconf 91' lang='lat' dir='ltr'><strong>item</strong></span> <span class='ocrx_word' id='word_1_216' title='bbox 947 2528 1057 2586; x_wconf 90' lang='lat' dir='ltr'><strong>circen·</strong></span> 
     </span>
     <span class='ocr_line' id='line_1_28' title="bbox 10 2609 1057 2690; baseline 0.001 -21"><span class='ocrx_word' id='word_1_217' title='bbox 10 2616 17 2646; x_wconf 71' lang='lat'>²</span> <span class='ocrx_word' id='word_1_218' title='bbox 53 2628 111 2685; x_wconf 88' lang='lat' dir='ltr'><strong>ses,</strong></span> <span class='ocrx_word' id='word_1_219' title='bbox 129 2609 266 2686; x_wconf 87' lang='lat' dir='ltr'><strong>athletas,</strong></span> <span class='ocrx_word' id='word_1_220' title='bbox 287 2609 491 2671; x_wconf 87' lang='lat' dir='ltr'><strong>naumachiam.</strong></span> <span class='ocrx_word' id='word_1_221' title='bbox 525 2611 644 2672; x_wconf 89' lang='lat' dir='ltr'><strong>blunere</strong></span> <span class='ocrx_word' id='word_1_222' title='bbox 667 2613 694 2671; x_wconf 94' lang='lat' dir='ltr'><strong>in</strong></span> <span class='ocrx_word' id='word_1_223' title='bbox 716 2612 783 2673; x_wconf 86' lang='lat' dir='ltr'><strong>ioro</strong></span> <span class='ocrx_word' id='word_1_224' title='bbox 806 2612 983 2690; x_wconf 89' lang='lat' dir='ltr'><strong>depugnavit</strong></span> <span class='ocrx_word' id='word_1_225' title='bbox 1003 2610 1057 2670; x_wconf 84' lang='lat' dir='ltr'><strong>Fu-</strong></span> 
     </span>
     <span class='ocr_line' id='line_1_29' title="bbox 51 2692 1057 2773; baseline -0.001 -20"><span class='ocrx_word' id='word_1_226' title='bbox 51 2694 114 2753; x_wconf 89' lang='lat' dir='ltr'><strong>rius</strong></span> <span class='ocrx_word' id='word_1_227' title='bbox 128 2692 266 2772; x_wconf 78' lang='lat' dir='ltr'><strong>leptinus</strong></span> <span class='ocrx_word' id='word_1_228' title='bbox 283 2695 374 2772; x_wconf 88' lang='lat' dir='ltr'><strong>stirpe</strong></span> <span class='ocrx_word' id='word_1_229' title='bbox 390 2695 536 2772; x_wconf 88' lang='lat' dir='ltr'><strong>praetoria</strong></span> <span class='ocrx_word' id='word_1_230' title='bbox 554 2703 583 2753; x_wconf 88' lang='lat' dir='ltr'><strong>et</strong></span> <span class='ocrx_word' id='word_1_231' title='bbox 599 2695 633 2768; x_wconf 79' lang='lat' dir='ltr'><strong>Q.</strong></span> <span class='ocrx_word' id='word_1_232' title='bbox 652 2693 813 2773; x_wconf 78' lang='lat' dir='ltr'><strong>Calpenus,</strong></span> <span class='ocrx_word' id='word_1_233' title='bbox 833 2704 952 2755; x_wconf 89' lang='lat' dir='ltr'><strong>senator</strong></span> <span class='ocrx_word' id='word_1_234' title='bbox 968 2711 1057 2770; x_wconf 90' lang='lat' dir='ltr'><strong>quon-</strong></span> 
     </span>
     <span class='ocr_line' id='line_1_30' title="bbox 52 2776 1057 2855; baseline 0 -20"><span class='ocrx_word' id='word_1_235' title='bbox 52 2777 118 2836; x_wconf 80' lang='lat' dir='ltr'><strong>dum</strong></span> <span class='ocrx_word' id='word_1_236' title='bbox 135 2785 276 2855; x_wconf 87' lang='lat' dir='ltr'><strong>actorque</strong></span> <span class='ocrx_word' id='word_1_237' title='bbox 292 2795 452 2837; x_wconf 86' lang='lat' dir='ltr'><strong>causarum.</strong></span> <span class='ocrx_word' id='word_1_238' title='bbox 480 2777 648 2852; x_wconf 75' lang='lat' dir='ltr'><strong>Pyrrichum</strong></span> <span class='ocrx_word' id='word_1_239' title='bbox 664 2778 841 2839; x_wconf 88' lang='lat' dir='ltr'><strong>saltaverunt</strong></span> <span class='ocrx_word' id='word_1_240' title='bbox 855 2778 944 2838; x_wconf 78' lang='lat' dir='ltr'><strong>Asiae</strong></span> <span class='ocrx_word' id='word_1_241' title='bbox 962 2776 1057 2850; x_wconf 77' lang='lat' dir='ltr'><strong>Bithy·</strong></span> 
     </span>
     <span class='ocr_line' id='line_1_31' title="bbox 10 2859 1058 2939; baseline -0.005 -17"><span class='ocrx_word' id='word_1_242' title='bbox 10 2859 182 2937; x_wconf 79' lang='lat' dir='ltr'><strong>coniaeque·</strong></span> <span class='ocrx_word' id='word_1_243' title='bbox 202 2861 366 2939; x_wconf 87' lang='lat' dir='ltr'><strong>priacipum</strong></span> <span class='ocrx_word' id='word_1_244' title='bbox 392 2859 485 2921; x_wconf 88' lang='lat' dir='ltr'><strong>liberi.</strong></span> <span class='ocrx_word' id='word_1_245' title='bbox 528 2860 613 2921; x_wconf 82' lang='lat' dir='ltr'><strong>Ludis</strong></span> <span class='ocrx_word' id='word_1_246' title='bbox 639 2860 776 2923; x_wconf 89' lang='lat' dir='ltr'><strong>Decimus</strong></span> <span class='ocrx_word' id='word_1_247' title='bbox 801 2862 940 2923; x_wconf 89' lang='lat' dir='ltr'><strong>Laberius</strong></span> <span class='ocrx_word' id='word_1_248' title='bbox 967 2877 1058 2937; x_wconf 89' lang='lat' dir='ltr'><strong>eques</strong></span> 
     </span>
     <span class='ocr_line' id='line_1_32' title="bbox 50 2943 1058 3024; baseline -0.001 -20"><span class='ocrx_word' id='word_1_249' title='bbox 50 2944 201 3004; x_wconf 89' lang='lat' dir='ltr'><strong>Romanus</strong></span> <span class='ocrx_word' id='word_1_250' title='bbox 213 2945 327 3007; x_wconf 86' lang='lat' dir='ltr'><strong>mimum</strong></span> <span class='ocrx_word' id='word_1_251' title='bbox 343 2962 423 3004; x_wconf 91' lang='lat' dir='ltr'><strong>suurn</strong></span> <span class='ocrx_word' id='word_1_252' title='bbox 440 2945 515 3020; x_wconf 90' lang='lat' dir='ltr'><strong>egit,</strong></span> <span class='ocrx_word' id='word_1_253' title='bbox 533 2944 714 3023; x_wconf 80' lang='lat' dir='ltr'><strong>donatusque</strong></span> <span class='ocrx_word' id='word_1_254' title='bbox 730 2947 895 3024; x_wconf 80' lang='lat' dir='ltr'><strong>quingentis</strong></span> <span class='ocrx_word' id='word_1_255' title='bbox 916 2943 1058 3004; x_wconf 88' lang='lat' dir='ltr'><strong>sestertiis</strong></span> 
     </span>
     <span class='ocr_line' id='line_1_33' title="bbox 10 3025 1057 3106; baseline -0.002 -21"><span class='ocrx_word' id='word_1_256' title='bbox 10 3048 12 3085; x_wconf 75' lang='grc' dir='ltr'>ι</span> <span class='ocrx_word' id='word_1_257' title='bbox 51 3035 82 3086; x_wconf 90' lang='lat' dir='ltr'><strong>et</strong></span> <span class='ocrx_word' id='word_1_258' title='bbox 105 3025 191 3086; x_wconf 92' lang='lat' dir='ltr'><strong>anulo</strong></span> <span class='ocrx_word' id='word_1_259' title='bbox 214 3044 319 3102; x_wconf 81' lang='lat' dir='ltr'><strong>nureo,</strong></span> <span class='ocrx_word' id='word_1_260' title='bbox 346 3045 458 3087; x_wconf 85' lang='lat' dir='ltr'><strong>sessum</strong></span> <span class='ocrx_word' id='word_1_261' title='bbox 479 3028 507 3086; x_wconf 93' lang='lat' dir='ltr'><strong>in</strong></span> <span class='ocrx_word' id='word_1_262' title='bbox 527 3029 754 3106; x_wconf 90' lang='lat' dir='ltr'><strong>quattuordecim</strong></span> <span class='ocrx_word' id='word_1_263' title='bbox 777 3047 916 3089; x_wconf 90' lang='lat' dir='ltr'><strong>escaena</strong></span> <span class='ocrx_word' id='word_1_264' title='bbox 933 3045 987 3105; x_wconf 92' lang='lat' dir='ltr'><strong>per</strong></span> <span class='ocrx_word' id='word_1_265' title='bbox 1012 3043 1057 3084; x_wconf 93' lang='lat' dir='ltr'><strong>or-</strong></span> 
     </span>
     <span class='ocr_line' id='line_1_34' title="bbox 52 3108 1058 3189; baseline -0.001 -21"><span class='ocrx_word' id='word_1_266' title='bbox 52 3108 197 3168; x_wconf 90' lang='lat' dir='ltr'><strong>chestram</strong></span> <span class='ocrx_word' id='word_1_267' title='bbox 212 3111 335 3171; x_wconf 87' lang='lat' dir='ltr'><strong>transiit.</strong></span> <span class='ocrx_word' id='word_1_268' title='bbox 368 3108 572 3187; x_wconf 85' lang='lat' dir='ltr'><strong>Circensibus,</strong></span> <span class='ocrx_word' id='word_1_269' title='bbox 589 3112 684 3189; x_wconf 89' lang='lat' dir='ltr'><strong>spatio</strong></span> <span class='ocrx_word' id='word_1_270' title='bbox 702 3112 773 3170; x_wconf 88' lang='lat' dir='ltr'><strong>circi</strong></span> <span class='ocrx_word' id='word_1_271' title='bbox 788 3111 824 3171; x_wconf 88' lang='lat' dir='ltr'><strong>ab</strong></span> <span class='ocrx_word' id='word_1_272' title='bbox 839 3120 960 3187; x_wconf 90' lang='lat' dir='ltr'><strong>utraque</strong></span> <span class='ocrx_word' id='word_1_273' title='bbox 976 3117 1058 3187; x_wconf 89' lang='lat' dir='ltr'><strong>parte</strong></span> 
     </span>
     <span class='ocr_line' id='line_1_35' title="bbox 10 3191 1059 3272; baseline 0.001 -22"><span class='ocrx_word' id='word_1_274' title='bbox 10 3213 21 3269; x_wconf 53' lang='grc' dir='ltr'><em>μ</em></span> <span class='ocrx_word' id='word_1_275' title='bbox 52 3191 196 3270; x_wconf 89' lang='lat' dir='ltr'><strong>producto</strong></span> <span class='ocrx_word' id='word_1_276' title='bbox 219 3201 247 3251; x_wconf 93' lang='lat' dir='ltr'><strong>et</strong></span> <span class='ocrx_word' id='word_1_277' title='bbox 266 3193 295 3252; x_wconf 93' lang='lat' dir='ltr'><strong>in</strong></span> <span class='ocrx_word' id='word_1_278' title='bbox 310 3211 412 3270; x_wconf 77' lang='lat' dir='ltr'><strong>gyrum</strong></span> <span class='ocrx_word' id='word_1_279' title='bbox 433 3195 536 3272; x_wconf 89' lang='lat' dir='ltr'><strong>euripo</strong></span> <span class='ocrx_word' id='word_1_280' title='bbox 556 3194 669 3269; x_wconf 90' lang='lat' dir='ltr'><strong>addito,</strong></span> <span class='ocrx_word' id='word_1_281' title='bbox 692 3193 848 3271; x_wconf 87' lang='lat' dir='ltr'><strong>quadrigas</strong></span> <span class='ocrx_word' id='word_1_282' title='bbox 871 3192 1014 3270; x_wconf 79' lang='lat' dir='ltr'><strong>bigasque</strong></span> <span class='ocrx_word' id='word_1_283' title='bbox 1030 3200 1059 3251; x_wconf 91' lang='lat' dir='ltr'><strong>et</strong></span> 
     </span>
     <span class='ocr_line' id='line_1_36' title="bbox 10 3274 1057 3353; baseline 0.001 -19"><span class='ocrx_word' id='word_1_284' title='bbox 10 3286 148 3352; x_wconf 72' lang='lat' dir='ltr'><strong>tnequos</strong></span> <span class='ocrx_word' id='word_1_285' title='bbox 170 3274 347 3335; x_wconf 88' lang='lat' dir='ltr'><strong>desultorios</strong></span> <span class='ocrx_word' id='word_1_286' title='bbox 370 3276 552 3353; x_wconf 86' lang='lat' dir='ltr'><strong>agitaverunt</strong></span> <span class='ocrx_word' id='word_1_287' title='bbox 576 3275 749 3337; x_wconf 91' lang='lat' dir='ltr'><strong>nobilissimi</strong></span> <span class='ocrx_word' id='word_1_288' title='bbox 767 3278 897 3336; x_wconf 84' lang='lat' dir='ltr'><strong>iuvenes.</strong></span> <span class='ocrx_word' id='word_1_289' title='bbox 942 3275 1057 3336; x_wconf 85' lang='lat' dir='ltr'><strong>Troiam</strong></span> 
     </span>
     <span class='ocr_line' id='line_1_37' title="bbox 49 3359 1057 3438; baseline 0 -20"><span class='ocrx_word' id='word_1_290' title='bbox 49 3359 120 3418; x_wconf 90' lang='lat' dir='ltr'><strong>lusit</strong></span> <span class='ocrx_word' id='word_1_291' title='bbox 142 3366 233 3419; x_wconf 91' lang='lat' dir='ltr'><strong>turma</strong></span> <span class='ocrx_word' id='word_1_292' title='bbox 249 3359 374 3438; x_wconf 81' lang='lat' dir='ltr'><strong>duplex,</strong></span> <span class='ocrx_word' id='word_1_293' title='bbox 391 3359 529 3419; x_wconf 89' lang='lat' dir='ltr'><strong>maiorum</strong></span> <span class='ocrx_word' id='word_1_294' title='bbox 545 3359 744 3437; x_wconf 90' lang='lat' dir='ltr'><strong>minorumque</strong></span> <span class='ocrx_word' id='word_1_295' title='bbox 760 3377 925 3438; x_wconf 90' lang='lat' dir='ltr'><strong>puerorum.</strong></span> <span class='ocrx_word' id='word_1_296' title='bbox 962 3360 1057 3420; x_wconf 89' lang='lat' dir='ltr'><strong>Vena-</strong></span> 
     </span>
     <span class='ocr_line' id='line_1_38' title="bbox 51 3442 1059 3522; baseline 0.001 -21"><span class='ocrx_word' id='word_1_297' title='bbox 51 3442 148 3501; x_wconf 89' lang='lat' dir='ltr'><strong>tionos</strong></span> <span class='ocrx_word' id='word_1_298' title='bbox 164 3442 259 3503; x_wconf 90' lang='lat' dir='ltr'><strong>editae</strong></span> <span class='ocrx_word' id='word_1_299' title='bbox 277 3460 331 3522; x_wconf 91' lang='lat' dir='ltr'><strong>per</strong></span> <span class='ocrx_word' id='word_1_300' title='bbox 348 3443 410 3502; x_wconf 91' lang='lat' dir='ltr'><strong>dies</strong></span> <span class='ocrx_word' id='word_1_301' title='bbox 426 3443 567 3521; x_wconf 88' lang='lat' dir='ltr'><strong>quinque,</strong></span> <span class='ocrx_word' id='word_1_302' title='bbox 586 3459 621 3502; x_wconf 92' lang='lat' dir='ltr'><strong>ac</strong></span> <span class='ocrx_word' id='word_1_303' title='bbox 635 3443 792 3503; x_wconf 87' lang='lat' dir='ltr'><strong>novissime</strong></span> <span class='ocrx_word' id='word_1_304' title='bbox 808 3462 905 3522; x_wconf 85' lang='lat' dir='ltr'><strong>pugna</strong></span> <span class='ocrx_word' id='word_1_305' title='bbox 921 3442 1014 3503; x_wconf 83' lang='lat' dir='ltr'><strong>divisa</strong></span> <span class='ocrx_word' id='word_1_306' title='bbox 1029 3442 1059 3502; x_wconf 92' lang='lat' dir='ltr'><strong>in</strong></span> 
     </span>
     <span class='ocr_line' id='line_1_39' title="bbox 51 3523 1060 3606; baseline 0.008 -23"><span class='ocrx_word' id='word_1_307' title='bbox 51 3523 124 3585; x_wconf 88' lang='lat' dir='ltr'><strong>duas</strong></span> <span class='ocrx_word' id='word_1_308' title='bbox 138 3525 235 3599; x_wconf 87' lang='lat' dir='ltr'><strong>acies,</strong></span> <span class='ocrx_word' id='word_1_309' title='bbox 258 3526 412 3604; x_wconf 84' lang='lat' dir='ltr'><strong>quingenis</strong></span> <span class='ocrx_word' id='word_1_310' title='bbox 428 3525 591 3603; x_wconf 88' lang='lat' dir='ltr'><strong>peditibus,</strong></span> <span class='ocrx_word' id='word_1_311' title='bbox 613 3524 776 3605; x_wconf 90' lang='lat' dir='ltr'><strong>elephantis</strong></span> <span class='ocrx_word' id='word_1_312' title='bbox 793 3528 922 3606; x_wconf 86' lang='lat' dir='ltr'><strong>vicenis,</strong></span> <span class='ocrx_word' id='word_1_313' title='bbox 938 3527 1060 3591; x_wconf 60' lang='lat' dir='ltr'><strong>tricenis</strong></span> 
     </span>
     <span class='ocr_line' id='line_1_40' title="bbox 10 3611 848 3671; baseline -0.001 0"><span class='ocrx_word' id='word_1_314' title='bbox 10 3646 27 3671; x_wconf 74' lang='lat'><strong>.-</strong></span> <span class='ocrx_word' id='word_1_315' title='bbox 94 3628 248 3668; x_wconf 84' lang='lat' dir='ltr'><strong>sunronrus·</strong></span> <span class='ocrx_word' id='word_1_316' title='bbox 828 3611 848 3670; x_wconf 80' lang='lat'><strong>2</strong></span> 
     </span>
    </p>
   </div>
   <div class='ocr_carea' id='block_1_3' title="bbox 0 0 1138 3930">
    <p class='ocr_par' dir='ltr' id='par_1_4' title="bbox 0 0 1138 3930">
     <span class='ocr_line' id='line_1_41' title="bbox 0 0 1138 3930; baseline 0 0"><span class='ocrx_word' id='word_1_317' title='bbox 0 0 1138 3930; x_wconf 95' lang='lat' dir='ltr'><strong> </strong></span> 
     </span>
    </p>
   </div>
   <div class='ocr_carea' id='block_1_4' title="bbox 10 3786 39 3853">
    <p class='ocr_par' dir='ltr' id='par_1_5' title="bbox 10 3786 39 3853">
     <span class='ocr_line' id='line_1_42' title="bbox 10 3786 39 3853; baseline 0 -2"><span class='ocrx_word' id='word_1_318' title='bbox 10 3786 39 3853; x_wconf 63' lang='grc' dir='ltr'><strong>ἱ.</strong></span> 
     </span>
    </p>
   </div>
  </div>
 </body>
</html>
