2286 3944
1105 39 1122 187 l

104 218 166 281 196
204 229 234 279 c.
247 230 395 279 suurour
410 227 538 288 rme.
553 227 601 274 on
615 223 699 273 vrrs
715 221 904 271 causarum
918 223 992 273 urs.
1005 224 1052 275 vr.

102 378 201 445 testu
211 391 281 456 τοῖς
291 372 455 455 τοιούτοις
469 418 507 429 -
520 372 580 461 ἄγε
592 378 699 459 ἔγειρε
710 367 874 438 σεαυτόν]
893 377 1016 457 lamque
1028 383 1096 459 equi·

101 474 148 527 tes
160 467 446 547 appropinquabant,
464 465 567 547 quibus
587 471 777 542 praeceptum
796 471 861 522 erat
878 472 910 522 ut
927 464 1026 523 rivum
1044 481 1097 525 euu
1126 474 1138 517 n

103 549 299 613 adtreberent.
322 551 408 626 Quod
420 560 450 611 ut
461 551 565 626 sensit,
576 545 757 627 trepidanter
769 545 891 607 effatus:
1126 595 1131 616 .=

145 622 277 697 Ἵππων
286 628 316 716 μ’
331 625 520 697 ὠκυπόδων
532 622 616 712 ἀμφὶ
628 621 755 701 κτύπος
766 619 873 690 οὔατα
892 622 1065 710 βάλλει-
1111 640 1138 705 ‘tq

101 718 213 779 ferrum
224 719 325 797 iugulo
339 719 447 797 adegit,
465 719 580 780 iuvante
595 712 800 795 Epaphrodito
817 733 834 775 u
850 714 971 777 libellis.
1000 717 1110 776 Senia-s

102 802 247 882 ulmisque
261 803 354 864 adbuc
366 803 537 880 irrumpenti
550 799 711 860 centurioni
724 807 754 857 et
765 799 889 876 paenula
902 799 941 859 ad
950 801 1055 860 vulnus
1062 799 1098 860 ad·
1125 804 1138 854 la

104 888 203 969 posite
219 887 249 947 in
271 886 406 948 auxilium
425 885 593 945 sevenisse
612 881 755 942 simulanti
775 899 835 942 non
858 882 936 943 aliud
959 883 1099 962 respondit

105 989 191 1053 mam
199 969 299 1031 Sero!
312 979 341 1029 et
352 967 604 1044 Haeccetfidesl
626 966 724 1044 Atque
734 966 764 1024 in
775 983 811 1026 ea
827 984 904 1026 voce
923 966 1049 1045 defecit,
1062 986 1098 1028 er·
1125 978 1134 1019 1

105 1054 232 1118 tentibus
244 1051 466 1130 rigentibusque
480 1051 574 1110 oculis
586 1048 725 1128 usquead
742 1049 896 1108 horrorem
913 1051 1098 1111 formidinem·
1124 1064 1135 1103 t

106 1156 165 1218 que
182 1137 347 1197 visentium.
387 1132 464 1193 Nihil
482 1135 562 1212 prius
582 1143 629 1193 aut
646 1133 739 1209 magis
757 1149 774 1192 a
794 1132 949 1193 comitibus
968 1142 1099 1212 exegerat
1130 1149 1134 1185 ε

107 1239 193 1302 qnam
211 1238 248 1279 ne
272 1225 405 1296 potestas
424 1218 557 1295 cuiquam
576 1217 681 1296 capitis
701 1216 746 1276 sui
763 1217 865 1292 lieret,
885 1217 940 1277 sed
955 1226 1099 1297 utquoquo
1125 1228 1138 1269 2³

108 1304 197 1366 modo
208 1309 287 1363 totus
305 1308 494 1359 cremaretur.
515 1301 650 1361 Permisit
666 1300 725 1361 boc
735 1297 842 1376 Icelus,
854 1298 967 1360 Galbae
979 1301 1099 1375 libertus,
1125 1312 1138 1354 ²1·

109 1405 170 1449 non
181 1385 272 1446 multo
283 1391 350 1443 unte
369 1383 494 1443 vinculis
507 1385 661 1463 exolutus,
679 1386 709 1443 in
720 1400 794 1462 quae
805 1384 898 1462 primo
911 1385 1034 1444 tumultu
1048 1402 1099 1444 con
1127 1397 1138 1406 ··

111 1473 207 1530 iectus
221 1468 325 1527 luerat.
1126 1480 1138 1521 :1

67 1558 105 1611 60
172 1551 336 1611 Funeratus
349 1559 395 1610 est
407 1552 542 1630 impensa
554 1552 743 1613 ducentorum
753 1551 875 1628 milium,
889 1552 1029 1629 stragulis
1043 1550 1100 1610 albis
1126 1564 1138 1605 e

111 1650 184 1697 auro
201 1633 336 1709 intextis,
355 1635 459 1712 quibus
470 1654 540 1695 usus
558 1635 605 1696 lll.
622 1636 682 1696 lan.
695 1636 799 1695 luerat.
828 1636 980 1714 Reliquias
999 1635 1101 1712 Eclopt
1117 1645 1138 1703 t

113 1726 144 1779 et
154 1715 333 1777 Alexandria
345 1721 474 1779 nutrices
486 1720 632 1780 cumActe
647 1719 806 1779 concubina
816 1719 916 1797 gentili
924 1719 1102 1779 Domitiorum
1126 1730 1138 1799 ε

113 1802 291 1861 monimento
305 1801 509 1880 condiderunt,
523 1804 601 1881 quod
614 1805 791 1882 prospicitur
802 1821 819 1862 e
831 1821 934 1882 compo
946 1803 1052 1864 Martio
1067 1805 1103 1861 in·
1128 1814 1138 1857 2:

115 1885 242 1966 positum
254 1883 324 1944 colli
334 1883 535 1946 Hortulorum.
557 1886 591 1947 ln
604 1905 641 1948 eo
653 1888 827 1948 monimento
841 1887 1103 1966 soliumporpbyrc
1128 1904 1138 1943 u

115 1969 168 2031 tici
179 1969 342 2113 nqaqmoris
354 1978 540 2048 superstante
551 1970 675 2031 Lunensi
688 1990 752 2049 ara,
772 1971 995 2051 circumseptum
1016 1980 1061 2031 est
1075 1970 1104 2029 la

139 2052 186 2115 lde
241 2051 314 2113 asio.
1129 2068 1137 2105 Δι

74 2070 138 2205 blp
183 2136 300 2199 Statura
314 2136 368 2197 luit
378 2154 473 2217 prope
486 2139 570 2215 iusta,
586 2156 713 2218 corpore
725 2139 873 2200 maculoso
883 2137 1040 2215 etlaetido‚
1053 2136 1104 2197 sub
1128 2148 1133 2184 ἓ·

117 2222 195 2284 davo
205 2221 327 2300 capillo,
341 2220 422 2281 vultu
435 2221 559 2299 pulchro
569 2225 662 2299 magis
675 2241 758 2301 quam
768 2231 901 2298 venusto,
915 2223 1011 2283 oculis
1023 2221 1105 2282 cacsit

117 2315 147 2367 et
157 2305 377 2382 hebetioribus,
393 2308 511 2366 cervice
530 2304 636 2383 obesa,
654 2316 756 2368 ventre
773 2309 923 2388 proiecto,
946 2305 1106 2385 gracillimis
1130 2316 1138 2358 ῑ.

116 2388 260 2466 cruribus,
272 2389 430 2450 valitudine
443 2407 588 2467 prospera
597 2390 731 2470 (namqui
741 2391 870 2453 luxuriae
881 2390 1105 2451 immoderatiss'r
1135 2404 1138 2425 ¹

112 2490 179 2533 mae
191 2480 281 2549 esset,
297 2481 342 2532 ter
356 2475 471 2533 omnino
484 2491 540 2552 per
553 2475 781 2550 quattuordecim
794 2492 882 2537 annos
897 2475 1017 2552 languit,
1031 2482 1106 2553 atque
1134 2489 1138 2515 ³

111 2556 152 2615 its
159 2563 189 2614 ut
200 2573 297 2634 neque
305 2557 374 2616 vino
384 2575 480 2636 neque
490 2558 700 2618 consuetudine
712 2560 823 2640 reliqua
831 2559 989 2620 abstineret
997 2557 1024 2635 ;)
1038 2559 1105 2617 circa
1120 2596 1130 2637 ·.

113 2637 221 2699 cultum
232 2638 417 2719 habitumque
430 2640 504 2702 adeo
517 2640 686 2720 pudendus,
705 2652 735 2703 ut
750 2662 860 2704 comem
877 2660 994 2721 semper
1006 2643 1037 2700 in
1048 2657 1105 2719 gru·
1130 2666 1133 2675 ¹

112 2717 167 2778 dus
183 2720 335 2782 lormatam
357 2725 596 2801 peregrinatione
619 2724 749 2788 Achaica
767 2729 853 2787 etiam
869 2743 947 2805 pone
973 2726 1106 2784 verticem
1126 2722 1138 2775 1².

111 2802 294 2878 summiserit,
308 2824 342 2865 ac
356 2806 536 2886 plerumque,
553 2809 748 2884 synthesinam
758 2810 886 2887 indutus,
899 2809 990 2886 ligato
1005 2809 1105 2868 circum
1129 2846 1138 2859 ι

110 2881 219 3025 colthqn
238 2884 355 2947 sudario
377 2888 520 2968 prodierit
542 2893 571 2952 in
589 2892 735 2972 publicum
759 2894 823 2955 sine
845 2894 940 2953 cinctu
962 2901 991 2951 et
1010 2888 1105 2951 discel
1129 2886 1138 2942 ἑ

110 2980 156 3024 cra
205 3008 212 3022 .
1127 2984 1138 3025 ϊ

66 3048 104 3105 6²
171 3046 314 3111 Liberalis
326 3052 496 3133 disciplinas
509 3059 602 3119 omnis
612 3060 676 3121 iere
688 3080 762 3140 puer
775 3062 878 3139 attigit.
908 3059 967 3120 Sed
984 3077 1001 3118 a
1018 3058 1106 3138 philo·
1128 3102 1130 3106 -

110 3129 228 3230 sophie
232 3149 297 3193 eum
308 3145 401 3196 mater
410 3140 523 3218 avertit,
536 3147 841 3227 monensimperaturo
849 3145 1023 3205 contrariam
1031 3160 1105 3205 esset
1134 3186 1138 3191 -

111 3217 308 3292 aeugnnione
321 3229 450 3281 veterum
469 3235 615 3287 oratorum
633 3230 748 3292 Seneca
766 3238 954 3311 praeceptor,
974 3244 1033 3307 quo
1053 3227 1105 3287 diu

110 3298 169 3359 tius
179 3299 208 3359 ln
220 3299 409 3364 admiratione
426 3307 469 3366 sui
483 3307 634 3371 detineret.
654 3313 757 3395 Itaque
776 3316 812 3376 ad
831 3314 977 3394 poeticam
990 3329 1105 3390 pronus,

112 3382 238 3444 carmina
248 3382 373 3446 libenter
384 3407 420 3449 ac
432 3391 495 3450 sine
506 3392 607 3455 labore
620 3401 785 3478 composuit
797 3417 869 3476 nec,
885 3407 917 3458 ut
931 3396 1046 3476 quidam
1061 3414 1105 3476 pu·
1128 3436 1133 3441 -

111 3474 180 3547 “lb
193 3467 286 3529 ‘liena
298 3487 352 3550 ΡΜ
364 3471 420 3516 “¹¹³⁶
444 3473 510 3520 '⁴¹⁰¹
568 3481 572 3500 ''
596 3496 675 3528 'we
687 3484 715 3532 in
730 3499 831 3556 nunus
848 3500 930 3543 meas
949 3481 1106 3561 pupillares
1125 3484 1128 3491 '
