2256 3930
128 231 164 277 vl
471 224 679 273 PRAEFATIO.

133 394 278 461 postquam
294 385 343 441 tali
363 384 561 455 aequabilitate
584 384 741 454 complures
762 381 917 453 scriptores
934 380 1018 452 antiq
1033 378 1038 392 ‘

134 471 211 527 ielici
227 474 328 524 eventu
345 469 379 524 ad
395 468 513 540 optimos
528 468 617 523 libros
635 466 727 522 exacti
743 471 821 534 sunt,
839 464 963 519 eandem
979 480 1040 520 coa-

134 553 261 610 stantiam
284 551 313 606 ia
338 552 392 606 boc
418 551 557 621 scriptore
579 565 634 604 non
658 549 760 605 diutius
782 546 943 603 desiderari
966 547 1041 620 passi

134 653 243 705 sumas,
262 640 290 690 et
310 633 365 689 nisi
386 634 553 690 voluntatem
574 633 651 688 vires
672 632 852 700 deiecerunt,
876 631 934 686 boc
961 647 1041 704 prae·

133 728 209 776 stare
224 717 316 774 conati
334 734 443 788 sumus,
463 723 493 772 ut
507 715 716 787 antiquissimos
732 714 902 785 eosdemque
918 715 1042 786 optimos

132 805 222 859 libros
238 807 333 857 nostra
349 800 437 856 editio
457 800 561 871 ubique
579 805 607 853 et
629 799 657 854 in
680 798 806 854 omnibus
828 797 914 853 rebus
937 814 1040 869 aequa·

132 887 228 943 hiliter
243 885 373 940 referret.
409 884 440 938 ld
456 900 535 954 quem
551 883 586 938 ad
600 883 710 938 modum
723 880 923 936 instituendum
941 881 1044 937 existi·

133 969 314 1037 moverimus,
333 965 494 1022 docebimus
503 971 671 1038 ,postquam
681 965 716 1021 de
727 963 784 1020 vita
797 968 825 1018 et
836 962 956 1076 scriptis
975 964 1042 1021 Sue

132 1053 202 1110 tonii
217 1051 342 1106 breviter
360 1050 579 1121 exposuerimus.

63 1127 110 1168 ⁰⁰¹¹
196 1134 225 1191 6.
239 1132 388 1190 Suetonius
406 1133 581 1203 Tranquillus
598 1148 662 1227 qmuo
667 1131 788 1227 oppido,
809 1146 864 1201 quo
884 1125 1048 1206 91111111),

133 1236 187 1292 quo
207 1232 279 1275 anuo
295 1222 374 1272 natus
392 1215 443 1285 sit,
466 1232 518 1270 nec
532 1216 594 1287 ipse
611 1215 638 1269 in
654 1215 690 1270 iis
705 1214 815 1285 quidem
830 1213 913 1269 libris
930 1214 984 1284 qui
1000 1231 1045 1271 ae-

132 1309 215 1359 tatem
232 1300 354 1355 tulerunt
371 1257 500 1368 tradidit,
520 1315 609 1369 neque
628 1299 700 1370 apud
715 1297 786 1353 alios
804 1296 965 1368 scriptores
989 1314 1045 1353 mc-

130 1386 236 1442 moriae
248 1382 388 1455 proditum
398 1383 521 1454 reperio.
550 1382 594 1438 Ad
607 1381 774 1453 Cisalpinam
782 1379 899 1436 Galliam
912 1380 1048 1456 releren-L

132 1470 195 1525 dum
207 1465 349 1523 existimat
362 1465 480 1522 Vossius
494 1466 528 1520 de
543 1465 607 1521 bist.
624 1465 680 1521 bat.
697 1473 723 1534 1,
738 1471 770 1523 31
789 1469 953 1534 argumento
970 1464 1043 1521 baud

131 1552 170 1607 ita
186 1551 263 1606 brmo
275 1566 352 1618 usus,
369 1549 442 1619 quod
455 1548 600 1604 familiaris
616 1547 701 1604 luerit
712 1547 793 1602 Plinii
806 1546 927 1602 hominis
937 1547 1043 1604 Trans·

132 1633 241 1707 padani.
287 1633 350 1705 lpse
374 1638 569 1688 commemorat
595 1638 701 1703 patrem
725 1630 938 1686 Suetonium
956 1631 1044 1687 Lae·

131 1725 197 1772 tum
217 1716 328 1770 nomine
350 1722 378 1770 et
395 1715 516 1785 legionis
531 1714 594 1770 Xlll
614 1714 645 1770 G.
662 1715 690 1768 P.
707 1715 736 1769 F.
753 1713 891 1770 tribunum
912 1714 1045 1784 augusti-

132 1800 249 1856 clavium
267 1798 429 1853 interfuisse
452 1798 624 1853 Betriacensi
648 1798 724 1852 bello
745 1796 837 1868 Aprili
859 1812 957 1852 mense
980 1796 1044 1852 anni

131 1890 174 1943 69.
198 1883 308 1938 laetum
328 1895 392 1936 mox
412 1880 510 1936 militia
533 1881 706 1951 perfunctum
728 1879 902 1936 matrimonio
926 1895 1046 1951 operam

131 1967 245 2023 dedisse
261 1963 396 2036 putarim,
412 1979 472 2018 cum
489 1964 562 2018 lilius
579 1964 605 2018 ei
623 1969 702 2019 natus
718 1964 755 2018 sit
770 1961 949 2032 Tranquillus
963 1963 1045 2034 pri-

133 2050 198 2104 mis
216 2047 438 2119 Vespasiani
454 2047 567 2102 annis.
600 2047 670 2102 Puer
688 2053 716 2102 et
732 2052 838 2118 patrem
852 2051 880 2099 et
894 2061 977 2100 avum
994 2064 1046 2103 aa·

133 2133 203 2189 divit
221 2133 256 2188 de
274 2132 358 2186 rebus
375 2129 498 2201 quibus
489 2130 544 2202 1psi
566 2129 751 2186 interfuerant
772 2133 916 2184 narrantes
934 2145 963 2200 p.
981 2135 1046 2200 127,

131 2221 263 2285 27.,213
280 2211 327 2272 24
351 2211 1045 2286 111111151111111111111111111111111

131 2300 283 2370 imperante
310 2316 335 2352 a.
357 2303 469 2356 81-96
488 2296 548 2367 egit
566 2298 716 2367 Romaep.
736 2301 804 2364 248,
829 2300 871 2354 86
901 2299 973 2366 259,
999 2303 1045 2357 18

132 2389 199 2450 198,
217 2388 248 2444 6;
281 2395 396 2450 quorum
414 2379 540 2434 locorum
561 2386 718 2450 postremus
742 2379 776 2433 ad
801 2394 898 2433 annum
919 2377 984 2434 lere
1011 2387 1045 2440 91

131 2465 272 2536 pertinere
287 2461 408 2530 videtur,
424 2477 478 2532 quo
497 2479 568 2517 anno
585 2467 707 2517 mortuus
724 2467 767 2516 est
778 2461 957 2530 Vologaesus
974 2462 1046 2520 Par-

133 2549 242 2601 thorum
261 2561 320 2599 rex.

192 2630 233 2683 111
251 2627 327 2683 virili
346 2632 436 2681 aetate
454 2627 606 2697 Tranquilli
628 2643 682 2683 non
703 2628 773 2684 adeo
796 2627 888 2682 tenuis
905 2632 1045 2687 memoria

132 2717 262 2783 superest
276 2711 303 2765 in
320 2709 502 2765 Plinianis
524 2711 707 2783 epistulis.
744 2711 844 2766 Earum
861 2709 961 2781 scripti
978 2720 1046 2770 suut

131 2811 231 2849 novem
248 2793 312 2848 libri
328 2791 438 2863 priores
454 2799 518 2864 post
533 2794 682 2850 Domitiani
699 2801 814 2850 mortem
830 2800 858 2849 et
875 2799 939 2848 ante
957 2795 1045 2854 Plinii

199 2936 224 3000 1)
241 2937 319 2986 Huius
332 2940 416 3004 gentis
432 2941 598 3004 antiquiorem
616 2955 666 2990 non
681 2941 741 2990 novi
755 2941 871 3004 quarnG.
887 2939 1045 2996 Suetonium

129 3007 262 3056 Paulinum
279 3007 325 3055 sab
342 3008 446 3058 Claudio
465 3017 489 3057 et
505 3009 604 3058 Nerone
622 3010 711 3059 bellica
726 3011 800 3059 laude
817 3010 933 3060 clarum
926 3018 1045 3077 itemque

129 3090 213 3125 rerum
237 3090 252 3123 1
275 3090 303 3125 sc
324 3084 454 3140 gestarum
469 3080 617 3143 scriptorem
637 3078 713 3142 (Plin
734 3093 760 3128 n.
780 3077 805 3129 h.
825 3077 841 3128 5
863 3077 887 3140 9
906 3078 968 3140 14),
997 3084 1045 3146 qui

128 3153 255 3210 postremo
271 3143 296 3192 in
311 3144 467 3195 Betriacensi
483 3147 535 3195 acie
549 3145 696 3196 Othonianis
712 3146 792 3210 copiis
807 3148 922 3209 interque
938 3162 985 3199 eas
1005 3152 1044 3201 le·

128 3226 198 3278 gronr
209 3210 268 3261 Xlll
280 3212 406 3277 praefuit
425 3223 452 3263 ut
464 3214 541 3263 refert
554 3215 653 3265 Tacitus
667 3214 726 3266 hret
741 3217 764 3274 2,
778 3217 820 3266 24.
838 3217 881 3266 44
920 3215 1043 3268 Omnium

127 3289 270 3360 postremus
292 3297 348 3332 esse
370 3282 469 3331 videtur
491 3252 998 3362 81110111110111111111111,(1111111111
992 3303 1038 3338 rm

126 3348 290 3412 peratorisa.
310 3350 361 3398 275
377 3358 401 3398 et
420 3351 471 3401 276
491 3353 566 3399 vitam
588 3352 702 3416 scripsit,
728 3360 755 3400 ut
773 3353 899 3417 Vopiscus
915 3354 994 3404 tradit
985 3359 1041 3406 1111

126 3416 211 3463 Tacito
231 3415 272 3467 11
310 3417 498 3480 Tranquillinus
521 3420 622 3482 quidam
649 3417 755 3469 Sanctus
782 3429 820 3470 est
844 3421 967 3471 ecclesiae
988 3424 1040 3473 Ro·

126 3497 225 3532 manae.
