2256 3930
451 242 622 292 ornemus.
979 232 1034 294 tot

32 400 169 479 primori;
187 407 216 457 et
232 399 256 456 si
273 416 357 477 quem
371 415 486 458 reorum
502 398 577 458 elabi
593 400 686 475 gratia
701 415 798 458 rumor
814 407 909 475 esset,
926 397 1038 458 subitus

34 483 138 543 aderat
159 482 327 560 iudicesque
348 491 395 542 ant
416 501 433 542 e
455 482 542 560 plano
558 491 605 542 aut
621 501 637 541 e
653 483 828 560 quaesitoris
847 482 979 543 tribunali
995 483 1036 543 le·

33 584 104 644 gum
120 575 148 624 et
163 565 316 642 religionis
329 574 358 625 et
369 583 475 641 noxae,
492 565 527 624 de
540 583 595 644 qua
609 574 833 644 cognoscerent,
849 565 1035 637 admonebnt;

33 659 122 728 atque
140 651 240 724 etiam,
260 650 283 707 si
300 667 356 727 qna
373 651 401 708 in
418 649 541 728 publicis
557 649 684 709 moribus
701 648 810 709 desidia
827 651 955 712 autmala
968 667 1035 710 con·

33 733 186 792 suetudine
209 731 356 808 labarent,
378 732 551 810 corrigenda
565 734 703 811 suscepit.
732 731 875 793 Ludoium
889 752 924 794 ac
939 739 1080 795 mune-34

32 836 97 875 rum
112 819 256 894 impensas
274 817 428 895 corripuit,
447 816 630 876 mercedibus
645 817 828 876 scenicorum
843 820 944 877 recisis
962 820 1036 897 peri·

32 900 147 977 busque
165 899 356 976 gladiatorum
373 900 408 959 ad
425 908 533 959 certum
548 918 695 959 numerum
710 899 847 960 redactis.
875 899 1036 961 Corinthio·

31 1001 96 1043 rum
120 1000 254 1042 vasorum
276 985 367 1061 pretia
388 986 416 1043 in
437 985 602 1043 immensum
624 986 770 1043 exarsisse
794 992 910 1062 tresque
933 984 1038 1045 mullos

32 1069 154 1143 triginta
179 1066 293 1125 milibus
317 1085 457 1127 nummum
476 1070 593 1127 venisse
619 1069 750 1144 graviter
770 1077 962 1146 conquestus,
989 1067 1037 1128 nd·

10 1150 187 1210 »hibendum
213 1150 389 1229 supellectili
414 1152 528 1210 modum
555 1153 667 1210 censuit
697 1168 896 1230 annonamque
921 1151 1037 1212 macelli

30 1242 150 1294 senatus
165 1233 302 1293 arbitratu
317 1243 388 1312 quot
405 1237 486 1294 anuis
502 1235 727 1314 temperandam,
745 1235 811 1295 dato
828 1235 969 1296 aedilibus
988 1254 1036 1295 ne-

30 1319 115 1395 gotio
144 1319 267 1396 popinas
289 1336 457 1398 ganeasque
479 1337 569 1397 usque
592 1336 628 1378 eo
649 1318 812 1396 inhibendi,
840 1327 869 1379 ut
889 1339 926 1380 ne
946 1337 1037 1399 opera

31 1400 147 1480 quidem
167 1403 289 1479 pistoria
304 1405 429 1480 proponi
446 1402 557 1462 venalia
572 1404 710 1462 sinerent.
739 1402 777 1463 Et
790 1411 819 1462 ut
834 1405 1036 1482 parsimoniam

32 1485 178 1564 publicam
200 1485 335 1564 exemplo
356 1503 471 1564 quoque
497 1487 623 1564 iuvaret,
645 1486 834 1546 sollemnibus
855 1489 918 1566 ipse
938 1488 1035 1548 caenis

10 1568 162 1648 spridiana
188 1586 278 1646 saepe
305 1587 340 1628 ac
363 1587 477 1629 semesa
503 1569 625 1631 obsonia
646 1573 782 1649 apposuit
805 1570 1036 1649 dimidiatumque

31 1670 150 1730 aprum,
167 1652 329 1727 affirmans,
346 1653 449 1713 omnio
463 1654 569 1714 eodem
583 1652 715 1730 babere,
734 1672 814 1734 quoe
826 1660 928 1715 totum.

96 1735 247 1796 Cotidiana
269 1736 370 1796 oscula
391 1737 487 1797 edicto
508 1737 669 1816 probibuit,
693 1741 760 1797 item
780 1746 939 1798 strenarum
957 1756 1033 1798 com·

31 1821 169 1879 mercium
192 1838 228 1878 ne
251 1819 324 1879 ultra
346 1819 410 1881 llal.
428 1820 488 1881 lan.
511 1830 708 1880 exerceretur.
743 1821 905 1882 consuerat
921 1822 1033 1900 quadri-

31 1904 108 1982 plam
124 1913 264 1979 strenam,
280 1903 359 1962 etde
375 1922 467 1979 manu,
484 1904 620 1974 reddere;
644 1904 695 1964 sed
712 1905 839 1964 offensus
856 1905 1034 1983 interpellari

14 2005 64 2050 rse
79 1995 141 2045 toto
157 2004 257 2044 mense
273 1986 307 2045 ab
324 1988 358 2046 iis
374 1989 422 2065 qui
441 1997 616 2066 potestatem
631 1989 674 2047 sui
693 1989 739 2048 die
757 1989 834 2048 festo
850 2005 907 2046 uon
922 1987 1035 2047 habuis·

30 2080 111 2146 sent
133 2070 206 2129 ultra
226 2086 283 2128 non
299 2070 371 2129 tulit.
397 2071 544 2133 Matronas
559 2080 721 2150 prostratae
738 2071 910 2149 pudicitiae,
934 2070 1077 2149 quibusaa

10 2160 186 2221 accusator
209 2151 342 2231 publicus
365 2153 496 2231 deesset,
518 2163 548 2213 ut
570 2157 726 2234 propinqui
748 2172 829 2213 more
845 2157 983 2214 maiorum
999 2154 1035 2214 de

10 2224 174 2298 communi
208 2239 350 2298 sententia
382 2247 555 2297 coercerent
589 2247 691 2298 auctor
716 2238 777 2297 luit.
820 2236 875 2316 Eq.
904 2239 939 2298 ll.
967 2239 1036 2297 iuris

10 2320 142 2420 jiurandi
169 2321 290 2396 gratiam
310 2320 396 2397 fecit,
419 2338 539 2381 uxorem
560 2323 588 2380 in
610 2331 711 2400 stupro
734 2323 836 2398 generi
858 2331 1036 2421 compertam

10 2444 16 2473 ,·
27 2404 204 2480 dimitteret,
225 2422 308 2482 qnam
331 2423 363 2464 se
385 2423 536 2483 numquam
557 2405 771 2483 repudiaturum
793 2414 858 2465 ante
879 2407 1033 2466 iuraverat.

10 2483 166 2550 'Feminae
188 2488 333 2565 famosae,
359 2498 388 2547 ut
403 2488 438 2548 ad
455 2488 602 2550 evitandas
622 2489 719 2567 legum
734 2507 843 2568 poenas
860 2491 922 2548 iure
942 2507 977 2550 ac
992 2489 1032 2549 di-

15 2575 139 2648 gnitate
163 2571 313 2632 matronali
334 2572 556 2650 exolverentur,
583 2573 758 2634 lenocinium
775 2575 906 2653 profiteri
925 2590 1031 2653 coepe·

12 2666 107 2732 rant,
131 2664 160 2714 et
177 2673 214 2716 ex
228 2657 375 2716 iuventute
393 2657 542 2735 utriusque
560 2657 668 2716 ordinis
683 2657 937 2737 profligatissimus
955 2658 1031 2736 qnis-

10 2754 101 2822 que,
121 2757 178 2818 quo
196 2741 286 2798 nunus
302 2742 329 2798 in
346 2757 437 2819 opera
452 2758 575 2800 scaenae
590 2740 773 2821 harenaeque
789 2740 900 2801 edenda
916 2749 1033 2800 senatus

10 2823 163 2887 consulto
180 2832 335 2900 teneretur,
351 2823 453 2883 famosi
468 2824 565 2882 iudicii
581 2834 677 2884 notam
692 2834 796 2904 sponte
813 2824 960 2892 subibaut;
980 2841 1034 2883 eos

10 2924 138 2987 easque
151 2925 262 2984 omnes,
280 2925 315 2965 ne
332 2907 409 2986 quod
424 2907 566 2984 refugium
582 2909 610 2966 in
626 2908 675 2968 tali
685 2908 785 2969 fraude
800 2910 930 2988 cuiquam
944 2915 1033 2985 esset,

10 2993 117 3055 exilio
132 2991 247 3051 adiecit.
276 2990 409 3050 Senatori
424 2989 510 3050 latum
526 2991 638 3051 clavum
654 2991 769 3069 ademit,
785 3010 848 3051 cum
863 2998 1033 3068 cognosset,

10 3077 76 3138 sub
103 3074 169 3134 llal.
191 3073 243 3134 lul.
267 3073 447 3151 demigrasse
472 3075 501 3133 irr
526 3074 644 3152 hortos,
673 3093 730 3154 quo
757 3074 839 3134 vilius
865 3083 932 3153 post
958 3074 1033 3133 diem

10 3159 116 3224 aedes
134 3160 161 3218 in
175 3157 246 3218 urbe
264 3157 452 3217 conduceret.
475 3156 570 3217 Alium
585 3167 614 3217 et
630 3167 785 3236 quaestura
799 3159 937 3234 removit,
955 3155 1032 3236 quod

10 3261 149 3307 uxorem
164 3241 258 3321 pridie
273 3243 455 3301 sortitionem
470 3239 583 3301 ductam
596 3241 739 3320 postridie
753 3240 946 3320 repudiasset.
973 3240 1075 3303 Ex-at

10 3335 125 3390 ternas
143 3327 347 3402 caerimonias,
363 3324 529 3403 Aegyptios
546 3324 737 3402 Iudaicosque
754 3327 824 3384 ritus
841 3326 1030 3404 compescuit,

10 3411 139 3474 coactis
157 3412 204 3489 qui
222 3411 431 3489 superstitione
447 3425 482 3467 ea
499 3407 671 3468 terrebantur
685 3409 841 3486 religiosas
855 3417 953 3469 vestes
968 3425 1031 3468 cum

10 3495 215 3558 instrumento
229 3495 304 3554 omni
319 3491 501 3553 comburere.
522 3490 692 3552 ludaeorum
705 3494 880 3552 iuventutem
895 3511 949 3571 per
964 3510 1030 3572 spe·
