2256 3930
446 247 677 298 nourrrnnus.
1001 240 1064 304 249

124 403 172 463 Ab
188 402 305 462 iuventa
322 403 435 462 minime
450 404 543 463 civilis
558 405 653 480 animi,
672 405 821 465 conlidens
838 408 939 484 etiam,
956 417 1065 467 etcum

78 487 162 548 erbis
175 495 232 547 tum
246 487 334 546 rebus
352 488 537 565 immodicus,
561 487 680 548 Caenidi
697 491 788 568 patris
806 489 1003 567 concubinae,
1027 509 1065 550 ex

76 571 168 632 listria
190 588 329 631 reversae
352 572 540 650 osculumque
562 581 592 631 ut
621 583 752 633 assuerat
779 575 927 651 offerenti,
952 593 1064 635 manum

76 655 214 725 traebuit;
238 672 378 733 generum
399 656 497 716 fratris
517 656 652 754 indigne
657 657 756 716 ferens
779 658 891 717 albatos
919 667 948 718 et
969 661 1064 737 ipsum

76 740 210 800 sinistros
225 739 345 816 habere,
361 740 567 818 proclamavit:
603 729 675 800 ode
704 729 836 838 ἀγαθὸν
857 741 1065 822 πολυκοιρα-

76 823 127 903 ιίη.
172 823 366 903 Principatum
381 841 453 884 nero
469 823 602 921 adeptus,
622 842 715 923 neque
730 825 759 882 iu
775 834 875 884 senatu
890 828 999 885 iactare
1015 826 1063 884 du·
1073 836 1108 890 13

76 910 173 984 litavit,
191 914 220 968 et
236 907 326 986 petri
346 925 380 968 se
401 913 432 968 et
447 907 579 986 fratri'
566 910 727 986 emperiam
749 909 888 987 dedisse,
910 908 983 970 illos
1003 908 1066 969 stet

76 991 259 1063 ·eddidisoe,·
281 1009 377 1070 neque
392 994 421 1051 in
438 992 601 1052 reducenda
624 1001 692 1071 post
718 992 868 1053 divortium
892 1010 983 1052 uxore
1007 991 1064 1053 edi-

76 1096 142 1154 cere,
161 1084 327 1137 revocatam
348 1094 411 1136 eam
432 1076 464 1136 in
480 1076 629 1154 prtloiner
649 1094 747 1136 scam.
789 1077 954 1136 Adclamari
979 1079 1065 1138 etiam

76 1160 315 1240 namphitbeatro
329 1160 408 1238 epuli
422 1159 469 1220 die
481 1159 605 1219 libenter
615 1161 714 1220 audiit:
730 1159 862 1221 Domino
881 1166 910 1220 et
922 1159 1066 1222 dominae

76 1241 216 1306 ¹'elict‘terl
259 1243 318 1303 Sed
333 1253 362 1304 et
377 1243 544 1323 Capitolino
562 1245 717 1303 certamine
737 1254 858 1316 cunctos
873 1245 984 1321 ingenti
997 1262 1064 1305 con-

76 1347 150 1388 sensu
167 1329 324 1406 precantis,
339 1338 370 1388 ut
383 1329 538 1388 Palfurium
553 1328 653 1388 Suram
667 1330 851 1405 restitueret,
868 1328 981 1408 pulsum
997 1329 1066 1396 olim

76 1422 164 1473 enatu
183 1430 218 1471 ac
233 1421 300 1472 tunc
314 1411 351 1472 de
368 1412 532 1473 oratoribus
549 1423 735 1490 coronatum,
759 1413 839 1473 nullo
860 1430 1006 1492 responso
1023 1412 1064 1472 di·

76 1506 178 1572 matus,
192 1504 291 1556 tacere
306 1505 413 1557 tautum
433 1496 519 1557 modo
538 1497 621 1556 iussit
643 1515 718 1557 voce
738 1500 902 1576 praeconis.
938 1497 1005 1557 Pari
1021 1516 1064 1558 ar-

76 1583 215 1659 'ogantia,
232 1598 295 1640 eum
311 1590 532 1660 procuratorum
547 1599 662 1641 suorum
677 1584 790 1642 nomine
807 1581 958 1642 formalem
976 1582 1064 1642 dicta·

77 1675 105 1725 et
123 1663 289 1743 epistulam,
306 1666 348 1725 sic
365 1666 479 1743 coepit:
495 1663 648 1726 Dominus
663 1671 693 1725 et
708 1665 786 1726 deos
800 1671 906 1726 noster
923 1666 982 1726 boc
995 1665 1068 1744 fieri

76 1749 154 1822 tabet.
187 1747 271 1809 Unde
295 1749 451 1809 institutum
475 1749 615 1828 posthac,
644 1759 675 1809 ut
700 1769 736 1809 ue
759 1750 870 1828 scripto
894 1750 1006 1827 quidem
1030 1767 1065 1810 ac

76 1849 200 1893 ermone
216 1832 382 1912 cuiusquam
398 1833 599 1912 appellaretur
616 1833 709 1893 aliter.
744 1835 858 1894 Statuas
882 1833 936 1892 sibi
958 1836 986 1892 in
1011 1832 1064 1893 Ga-

77 1915 167 1978 itolio
183 1918 296 1976 nonnisi
313 1935 416 1980 aureas
433 1926 462 1976 et
477 1926 632 1994 argenteas
654 1919 722 1995 poni
748 1919 876 1997 permisit
898 1935 932 1975 ac
956 1916 1064 1995 ponde-

76 2001 99 2061 is
121 2001 207 2060 certi.
250 1999 337 2061 Ianos
354 2019 496 2079 arcusque
512 2020 575 2060 curn
589 2001 736 2080 quadrigis
755 2010 784 2060 et
796 1999 957 2076 insignibus
969 2003 1064 2059 trium·

76 2085 186 2146 horum
205 2101 259 2163 per
280 2086 419 2161 regiones
440 2085 520 2144 urbis
548 2094 644 2144 tantos
669 2103 703 2144 ac
725 2094 768 2144 tot
790 2085 933 2160 extruxit,
956 2093 987 2142 ut
1008 2085 1065 2143 cui·

76 2187 125 2230 am
144 2166 257 2228 Graece
272 2169 439 2248 inscriptum
457 2172 508 2229 sit:
533 2170 620 2228 arei.
661 2167 834 2228 Consulatus
858 2167 1066 2244 septemdecim

76 2252 151 2332 epit,
171 2260 241 2330 quot
256 2261 321 2312 aute
337 2272 401 2313 eum
416 2271 516 2322 nemo;
534 2252 689 2331 exquibus
706 2261 818 2331 septem
840 2251 952 2311 medios
976 2254 1066 2311 conti·

76 2337 175 2412 uavit,
199 2352 299 2396 omues
321 2346 416 2398 autem
440 2355 533 2415 paene
555 2337 637 2396 titulo
660 2346 743 2395 tenus
766 2337 873 2413 gessit,
893 2354 949 2395 uec
970 2353 1065 2414 quem-

77 2437 148 2480 uam
166 2419 239 2479 ultra
256 2419 303 2484 Kl.
320 2421 386 2482 blei.
404 2421 563 2500 plerosque
580 2420 616 2480 ad
627 2419 694 2482 ldus
706 2439 798 2499 usque
810 2419 966 2479 lanuarias.
996 2419 1067 2480 Post

76 2514 157 2565 utem
173 2501 246 2562 duos
261 2504 436 2583 triumphos,
458 2505 622 2566 Germanici
641 2505 813 2582 cognomine
828 2513 994 2583 assumpto,
1015 2506 1066 2563 Se·

76 2586 224 2648 tembrem
239 2605 368 2648 mensem
386 2598 414 2648 et
429 2588 586 2648 Octobrem
608 2608 645 2648 ex
663 2589 908 2667 appellationibus
925 2589 984 2648 suis
997 2587 1066 2649 Ger·

76 2671 204 2732 tanicum
220 2669 468 2750 Domitianumque
484 2674 737 2749 transnominavit,
759 2672 835 2751 quod
856 2673 948 2733 altero
968 2689 1066 2731 susce-

78 2757 157 2816 isset
176 2755 336 2834 imperium,
352 2756 445 2816 altero
460 2766 543 2816 natus
558 2766 647 2816 esset.

124 2837 182 2898 Per
195 2837 269 2898 baec
284 2839 421 2899 terribilis
442 2843 553 2899 cunetis
573 2850 602 2900 et
622 2841 745 2915 invisus,
768 2839 881 2900 tandem
906 2854 1066 2915 oppressus
1076 2840 1109 2893 ll

76 2933 105 2983 st
120 2922 278 2982 amicorum
295 2923 524 3002 libertorumque
539 2925 702 2983 intimorum
725 2923 959 3002 conspiratione,
985 2918 1068 2978 simul

76 3017 87 3067 t
102 3023 216 3066 uxorrs
248 3006 361 3067 Annum
377 3007 511 3106 diemque
527 3008 652 3067 ultimum
669 3008 769 3067 vitae'
761 3024 816 3066 ram
832 3004 943 3102 pridem
966 3020 1067 3079 suspe-

76 3099 136 3150 tum
152 3088 289 3166 habebat,
306 3091 407 3151 horam
424 3093 518 3168 etiam,
537 3111 592 3151 nec
610 3110 668 3150 nou
685 3100 714 3149 et
729 3108 822 3166 genus
838 3090 948 3148 mortis
990 3085 1086 3145 nuu-

76 3173 223 3234 eseentulo
247 3172 386 3235 Chaldaei
408 3184 511 3236 cuncta
530 3175 752 3254 praedixerant;
775 3183 858 3251 pater
880 3188 997 3249 quoque
1023 3188 1068 3229 su·

76 3276 115 3317 er
132 3275 251 3318 caenam
269 3259 414 3336 quondam
435 3259 533 3336 fungis
555 3259 747 3318 abstinentem
770 3257 864 3335 palam
885 3255 1016 3315 irriserat
1037 3262 1068 3312 ut

76 3359 192 3419 gnarum
208 3345 296 3403 sortis
308 3361 387 3420 suae,
405 3343 483 3422 quod
500 3360 557 3402 non
572 3343 681 3401 ferrum
696 3341 793 3418 potius
808 3341 932 3400 timeret.
971 3339 1068 3414 Quare

76 3423 183 3486 *avidus
207 3442 324 3506 semper
345 3436 432 3507 atque
461 3427 578 3503 anxius,
602 3427 724 3485 minimis
750 3425 834 3486 etiam
861 3423 1068 3502 suspitionibus

76 3518 180 3568 ›raeter
200 3510 314 3571 modurn
331 3510 583 3580 commovebatur:
601 3519 630 3568 ut
645 3508 731 3568 edicti
744 3507 779 3568 de
792 3507 962 3569 excidendis
973 3507 1068 3568 vineis
