2286 3944
107 238 168 299 294
372 243 403 290 c.
424 239 589 290 sunrorur
610 238 830 298 auunculum

108 401 202 463 aliena
225 418 278 478 pro
291 399 350 457 suis
374 397 463 456 edere
489 414 542 454 seu
567 393 751 472 percipiendi
781 393 963 454 Graecorum
992 397 1109 457 instituta

108 503 280 561 moresque,
304 499 378 560 quos
402 497 459 539 non
475 477 596 558 perinde
619 479 797 556 exprimeret
816 480 997 558 inscriptis,
1019 499 1110 558 egres·

108 589 158 630 sus
181 578 226 628 est
249 583 345 644 neque
367 564 488 642 amplius
510 563 612 622 rediit.
638 560 684 621 lle
705 571 799 621 morte
821 564 884 623 eius
900 563 1052 625 Vulcatius
1073 567 1110 625 sic

109 653 195 714 tradit

264 739 323 794 Sed
335 744 364 793 ut
375 736 446 808 Aser
456 735 561 807 populo
575 749 629 790 sem
642 735 796 791 comoedias
808 735 890 804 dedit,
1117 774 1127 814 ι

263 821 322 877 Iter
334 821 399 876 binc
413 823 442 874 in
456 821 551 874 Asiam
562 818 631 891 fecit
642 825 680 888 et,
697 833 795 874 nocem
809 826 840 873 ut
851 822 937 876 semel

264 903 435 969 Conscendit,
451 906 525 959 orsus
538 919 689 975 numquam
703 909 757 964 ests
775 905 816 958 sic
829 905 884 959 cito
901 913 991 961 occot

112 985 233 1059 Quintus
251 982 412 1045 Cosconius
428 983 596 1043 redeuutem
613 1002 629 1042 e
645 982 767 1042 Graecia
789 984 905 1060 perisse
921 985 949 1043 iu
970 987 1042 1044 mari
1054 1005 1111 1044 cum

113 1067 146 1129 C.
170 1078 199 1127 et
220 1067 296 1128 Vlll.
322 1067 428 1127 labulis
456 1068 605 1126 conversis
626 1065 837 1142 ableuaudro,
860 1069 953 1128 ceteri
975 1079 1110 1128 mortuum

113 1171 181 1212 esse
202 1153 229 1209 iu
244 1150 370 1211 Arcadia
390 1150 551 1228 Stymphali
573 1153 634 1209 sive
655 1149 817 1209 Leucadiae
835 1151 950 1212 tradunt
966 1151 1028 1213 CN.
1045 1151 1139 1216 Gor-n

112 1235 191 1294 nelio
212 1234 367 1295 Dolabella
391 1234 428 1293 Μ.
451 1233 553 1293 Fulvio
575 1233 726 1294 Nobiliore
740 1234 924 1311 consulibus,
945 1237 1051 1296 morbo
1066 1239 1110 1295 im-

114 1319 243 1397 plicitum
260 1338 297 1378 ex
320 1318 423 1378 dolore
439 1336 474 1376 ac
490 1318 586 1377 taedio
603 1320 770 1378 amissarum
785 1320 973 1394 sarcinarum,
1001 1339 1071 1399 quas
1087 1323 1112 1379 iu

112 1420 213 1461 navem
230 1404 436 1478 praemiserat,
452 1420 487 1461 ac
500 1403 583 1462 simul
601 1402 760 1462 fabularum
778 1419 849 1480 quas
863 1420 954 1463 noras
971 1405 1091 1465 lecerat.

195 1484 298 1543 Fuisse
314 1486 419 1545 dicitur
435 1486 577 1545 mediocri
590 1496 715 1562 statura,
730 1486 833 1564 gracili
852 1503 997 1566 corpore,
1015 1489 1110 1549 colore

111 1570 205 1628 fusco.
239 1568 366 1646 Reliquit
381 1569 483 1645 liliam,
503 1589 577 1648 quae
594 1581 661 1648 pust
679 1572 768 1648 equiti
777 1568 907 1630 Ronanus
924 1573 1033 1651 nupsit,
1048 1575 1138 1632 itemst

112 1652 244 1712 hortulus
256 1652 321 1713 XX.
340 1655 471 1730 iugerum
488 1656 534 1712 via
550 1654 646 1732 Appia
660 1655 694 1714 ad
706 1654 804 1714 Martis
819 1655 927 1715 villam.
946 1656 1013 1730 Quo
1026 1658 1110 1733 magis

112 1738 200 1796 miror
216 1736 350 1796 Porcium
366 1737 514 1798 scribere:

178 1824 270 1896 Scipio
285 1827 354 1881 nibil
361 1827 486 1898 profm't,
503 1827 572 1882 nihil
584 1826 705 1896 Laelius,
721 1826 790 1881 nibil
802 1827 918 1896 Furius,

177 1909 247 1965 Tres
258 1925 313 1981 per
325 1911 355 1965 id
368 1918 473 1982 tempus
484 1914 534 1982 pm'
549 1911 689 1983 opitcbont
701 1911 801 1966 nobilm
812 1909 956 1982 facillime.

173 1994 279 2049 Eorum
293 1996 336 2051 ille
351 2010 438 2074 opero
453 2009 488 2050 nc
503 1996 612 2051 domum
626 1995 732 2067 quidem
745 1993 839 2050 babuit
850 1997 1057 2065 conducticiom,
1117 2009 1136 2049 n

174 2077 277 2134 Saltem
291 2087 320 2135 nt
334 2086 403 2134 esset
417 2096 470 2152 qno
484 2078 607 2151 referret
618 2079 717 2135 obitum
731 2080 833 2134 domini
844 2080 980 2137 seruulus.

197 2157 279 2218 Hunc
302 2159 437 2218 Afranius
461 2159 574 2237 quidem
595 2159 725 2217 omnibus
743 2158 860 2218 comicis
877 2157 1023 2236 praefert,
1045 2160 1108 2217 scri·

113 2240 186 2299 beus
201 2243 229 2300 iu
247 2241 473 2320 Compitalibus:

178 2329 303 2386 Terentio
318 2347 374 2386 non
388 2332 502 2386 similem
518 2331 611 2386 dicens
625 2345 788 2402 quempiam.

111 2405 260 2469 Vulcatius
278 2419 371 2469 autem
388 2427 445 2469 non
461 2410 554 2470 solum
569 2408 680 2469 Naevio
694 2418 724 2468 et
738 2409 838 2468 Plauto
855 2417 883 2468 et
902 2405 1045 2485 Caecilio,
1061 2407 1139 2467 seda

111 2489 220 2549 Licinio
237 2510 354 2569 quoque
372 2503 400 2552 et
414 2493 504 2552 Atilio
523 2494 682 2573 postponit.
719 2491 823 2552 Cicero
841 2493 868 2550 iu
882 2491 1001 2552 Limone
1017 2494 1110 2553 haete-

112 2592 164 2631 nus
182 2575 292 2635 laudat:

177 2663 218 2720 To
233 2679 352 2736 quoque,
367 2667 415 2736 qni
428 2666 502 2720 solus
517 2667 583 2721 lecto
604 2679 744 2731 sermone,
762 2664 880 2732 Terenti,

175 2749 339 2804 Conversum
352 2763 569 2822 supremumque
584 2751 683 2806 Latino
702 2763 766 2805 voce
780 2747 968 2803 Menandrum

175 2831 211 2887 In
228 2834 344 2889 medium
358 2835 434 2889 nobis
448 2834 549 2889 sedatis
564 2835 672 2891 cocr’bns
687 2835 781 2905 effers,
1120 2860 1139 2900 n

176 2916 310 2983 Qniddom
328 2934 403 2974 eume
418 2919 544 2990 loquens,
560 2926 640 2990 atque
657 2919 747 2974 omnio
763 2917 855 2971 dulcia
870 2915 971 2970 dicens.

112 2993 183 3054 ltem
199 2995 231 3054 Ο.
250 2994 372 3057 Caesar.

178 3085 220 3139 Tu
234 3102 341 3158 quoqne
356 3093 385 3142 tu
401 3090 428 3141 r'n
443 3088 569 3153 summis,
588 3086 754 3141 odimidicte
767 3084 933 3156 Menander,

176 3168 306 3238 Funeris,
322 3176 348 3226 et
361 3174 468 3241 merito,
478 3173 549 3243 puri
562 3173 697 3225 sermonis
712 3175 829 3225 amator.

171 3251 290 3307 Lenibus
302 3260 382 3327 atque
395 3257 498 3311 utinam
508 3257 618 3326 serr'ptis
635 3255 765 3310 odireneto
777 3253 855 3326 foret
869 3255 918 3320 ris,

181 3334 282 3388 C'omico
299 3344 328 3391 nt
342 3347 456 3409 aequmr
473 3342 557 3394 rurus
576 3339 692 3409 polleret
704 3337 808 3393 bonore

181 3415 231 3470 lun
261 3418 365 3476 “raeco
379 3438 435 3478 nem
477 3438 520 3464 ¹¹¹1·
534 3423 553 3460 1’
558 3427 677 3492 'enectus
692 3424 906 3476 narrationes!

185 3497 245 3540 'Tm-1
295 3504 334 3544 'nnn
350 3521 435 3544 nanno·
560 3507 617 3544 arlon
641 3505 673 3540 ‘ili
718 3520 792 3544 raons·
823 3504 942 3556 Tarfflll'.
