2286 3944
116 197 156 258 ot
194 206 225 255 c.
241 204 393 254 sonuoru
410 204 538 263 annuo.
555 204 603 250 on
619 203 702 251 vion
716 202 902 251 onusnnuu
917 204 989 252 nm.
1005 204 1044 252 11.

115 368 223 432 retum·
245 369 274 419 et
297 357 543 420 consentientibus
565 359 709 418 universis
736 357 812 418 sedit
835 358 874 434 in,
889 356 1038 438 subselliis
1064 376 1114 436 per

116 445 225 524 aliquot
239 443 339 520 horas,
354 460 455 502 verum
469 444 572 502 tacitus
588 451 668 502 etue
684 441 849 501 laudatione
863 441 979 520 quidem
993 441 1114 502 iudiciali

115 529 189 590 data.
231 526 322 586 affuit
343 535 372 586 et
396 525 567 602 clientibus,
590 527 664 585 sicut
686 525 817 585 Scutario
840 524 966 602 cuidam,
992 533 1113 586 evocato

116 609 259 691 quondam
281 628 350 687 suo,
378 613 425 689 qui
445 609 644 688 postulabatur
667 609 839 668 iniuriarum.
884 609 979 671 Unum
1002 609 1114 669 omnino

116 716 132 756 o
152 713 268 755 reorum
288 711 427 770 numero,
448 712 483 753 ac
504 712 540 753 nc
561 711 625 753 eum
646 692 760 770 quidem
779 693 834 752 nisi
848 691 987 772 precibus
1002 693 1140 772 eripuitu

117 789 238 840 exorato
262 795 359 839 coram
379 777 520 838 iudicibus
540 785 729 855 accusatore,
753 774 939 854 Castricium,
962 794 1114 856 perquem

118 863 154 924 de
171 864 368 923 coniuratione
382 863 519 923 blurenae
537 869 728 938 cognoverat.

73 965 108 1022 qq
181 948 238 1008 Pro
263 947 365 1026 quibus
386 946 494 1005 meritis
522 954 702 1024 quantopere
727 944 850 1004 dilectus
878 945 929 1022 sit,
957 944 1046 1003 facile
1073 952 1115 1003 est

118 1033 279 1094 aestimare.
313 1030 418 1090 Omitto
435 1029 715 1106 senatusconsulta,
734 1028 801 1106 quia
818 1036 941 1106 possunt
960 1026 1054 1087 videri
1070 1026 1114 1086 vel

117 1116 293 1177 necessitate
316 1130 458 1192 expressa
478 1112 527 1171 vel
553 1111 738 1172 verecundia.
782 1110 904 1190 Equites
931 1111 967 1171 li.
992 1111 1133 1172 natalen1

117 1201 179 1262 eius
195 1207 299 1278 sponte
316 1207 402 1274 atque
414 1214 559 1256 consensu
571 1195 657 1255 biduo
672 1213 788 1275 semper
801 1195 993 1255 celebrarunt.
1011 1194 1114 1255 Omnes

117 1283 233 1345 ordines
258 1282 401 1341 inlocum
423 1278 504 1340 Curti
525 1289 596 1358 quot
618 1282 699 1340 annis
721 1299 759 1340 ex
780 1287 851 1339 voto
868 1296 922 1358 pro
945 1279 1040 1340 salute
1056 1280 1114 1338 eius

116 1369 221 1445 stipem
241 1363 399 1441 iaciebant,
420 1365 488 1423 item
502 1364 566 1424 Kal.
583 1364 643 1424 lan.
661 1373 787 1423 strenam
802 1366 829 1423 in
847 1361 1009 1441 Capitolio,
1032 1364 1114 1422 etiam

115 1450 241 1526 absenti,
258 1467 296 1508 ex
312 1466 368 1527 qua
382 1466 490 1507 summa
505 1450 715 1527 pretiosissima
735 1447 855 1507 deorum
870 1446 1023 1507 simulacra
1044 1464 1114 1506 mer·

115 1542 210 1610 catus,
233 1533 348 1591 vicatim
368 1530 536 1609 dedicabat,
559 1541 589 1591 ut
603 1532 770 1611 Apollinem
791 1531 1000 1592 Sandaliarium
1022 1539 1052 1592 et
1070 1529 1130 1594 Io·l

114 1635 181 1676 vem
203 1614 388 1693 Tragoedum
409 1615 532 1693 aliaque.
564 1614 597 1675 ln
619 1617 832 1675 restitutionem
848 1615 994 1675 Palatinae
1018 1613 1115 1674 domus

115 1699 248 1760 incendio
263 1699 431 1778 absumptae
447 1701 596 1776 veterani,
619 1699 771 1776 decuriae,
793 1699 900 1776 tribus,
924 1707 1012 1777 atque
1033 1699 1116 1758 etiam

115 1784 281 1860 singillatim
296 1801 313 1843 e
330 1793 430 1843 cetero
445 1801 557 1860 genere
569 1783 712 1843 hominum
723 1783 848 1843 libentes
863 1801 898 1843 ac
910 1799 965 1861 pro
980 1782 1115 1843 facultate

116 1869 238 1946 quisque
264 1869 402 1946 pecunias
429 1867 624 1945 contulerunt,
658 1867 804 1927 delibante
828 1875 935 1927 tantum
963 1866 1050 1926 modo
1081 1882 1115 1924 eo

116 1969 286 2012 summarum
309 1970 431 2012 acervos
456 1969 552 2030 neque
579 1970 616 2011 ex
642 1969 785 2030 quoquam
810 1950 875 2030 plus
896 1950 1016 2010 denario
1039 1949 1137 2009 aule-2·

115 2045 207 2096 rente.
241 2036 449 2097 Revertentem
469 2054 508 2095 ex
531 2037 682 2115 provincia
697 2053 756 2096 non
781 2034 874 2096 solum
896 2034 998 2094 faustis
1020 2034 1115 2093 omini-

118 2121 185 2197 bus,
204 2119 257 2179 sed
275 2129 303 2179 et
318 2120 471 2181 modulatis
488 2120 659 2180 carminibus
676 2118 937 2198 prosequebantur.
973 2117 1115 2178 Observa·

117 2214 175 2264 turn
195 2205 281 2264 etlam
303 2214 362 2283 est,
387 2224 424 2264 no
449 2207 582 2282 quotiens
602 2206 734 2263 introiret
753 2203 868 2279 urbem,
891 2202 1066 2281 supplicium
1082 2200 1116 2259 de

74 2297 261 2366 obquoquam
285 2297 454 2349 sumeretur.
492 2287 614 2347 Patris
635 2288 779 2366 patriae
806 2303 969 2364 cognomen
990 2284 1116 2345 universi

116 2372 269 2448 repentino
290 2373 472 2448 maximoque
495 2389 638 2430 consensu
661 2371 824 2431 detulerunt
843 2371 885 2432 ei:
906 2371 997 2449 prima
1020 2368 1115 2448 plebs,
1123 2384 1142 2426 u

116 2454 265 2528 legatione
286 2453 402 2513 Antium
422 2456 523 2523 missa;
547 2453 626 2530 dein,
650 2456 790 2532 quianon
810 2453 988 2534 recipiebat,
1010 2453 1116 2513 ineunti

115 2536 225 2596 Romae
247 2537 416 2613 spectacula
436 2537 575 2614 frequens
595 2547 625 2596 et
643 2538 787 2608 laureata;
811 2555 880 2598 mox
894 2541 922 2597 in
938 2539 1018 2598 curia
1036 2554 1115 2596 sena-

116 2629 177 2696 tus,
199 2637 295 2698 neque
316 2620 435 2680 decreto
456 2638 551 2698 neque
574 2620 800 2697 adclamatione,
822 2621 874 2682 sed
896 2640 949 2701 per
970 2621 1116 2682 Valerium

115 2703 278 2764 Messalam.
322 2703 350 2764 ls
371 2703 568 2764 mandantibus
591 2706 718 2783 cunctis,
750 2704 841 2779 Quod
862 2705 987 2782 bonum,
1016 2705 1115 2784 inquit,

114 2787 312 2867 faustumque
330 2789 372 2848 sit
386 2786 442 2848 tttt
455 2787 617 2868 domuique
642 2795 729 2867 tuoe,
753 2789 874 2850 Caesar
895 2787 1052 2869 Aequaret
1073 2788 1143 2847 stet

117 2872 195 2932 enim
215 2889 273 2933 noa
298 2878 479 2949 perpetuom
499 2872 678 2951 felicitatem
695 2875 792 2952 reip.
815 2881 845 2936 et
858 2874 943 2934 laeto
964 2873 1035 2933 boio
1048 2870 1120 2932 urbi

114 2957 244 3033 procori
254 2956 480 3016 coiodmomoo:
496 2963 622 3018 senatos
639 2959 867 3020 tecooseott'eoc
880 2956 1117 3036 compopololt.

117 3041 295 3100 consalutat
305 3040 432 3118 patriae
447 3048 578 3119 patrem.
614 3041 665 3102 Cui
682 3043 834 3103 lacrimans
855 3041 1005 3120 respondit
1020 3039 1117 3118 Augu·

117 3131 178 3182 stus
194 3123 237 3183 his
252 3125 349 3184 verbis
365 3126 445 3203 (ipsa
461 3128 553 3203 enirn,
569 3129 643 3186 sicut
659 3126 820 3203 Messalae,
842 3127 959 3206 posui):
984 3123 1118 3202 Compos

114 3204 220 3282 factito
239 3215 379 3269 votorum
403 3228 554 3287 meorum,
587 3209 621 3271 P.
649 3209 683 3270 0.
707 3211 782 3290 quid
802 3211 903 3272 babeo
932 3209 1025 3270 aliud
1043 3209 1118 3268 deos
1139 3235 1143 3260 ε

116 3289 306 3351 immortales
318 3294 462 3371 precari,
484 3313 576 3374 quom
589 3302 623 3355 ot
635 3295 715 3356 bono
730 3312 910 3355 consensum
924 3299 1060 3354 oestrum
1077 3292 1119 3352 od

116 3373 251 3434 ultimum
261 3377 352 3453 [inem
367 3379 450 3440 ot'toe
463 3380 538 3440 milui
547 3377 690 3457 perferre
705 3377 818 3438 liceat?

74 3465 108 3521 69
177 3458 291 3520 Medico
312 3462 438 3522 Antonio
460 3463 559 3524 Musae
603 3462 682 3521 cuius
702 3479 794 3542 opera
815 3479 852 3520 ex
872 3462 991 3540 ancipiti
1015 3461 1117 3522 morbo
