2286 3944
335 222 439 270 arvos
458 222 704 272 VESPASIANUS.
964 214 1025 274 225

16 380 89 439 tium
115 376 248 437 euntibus
271 379 301 436 in
324 387 422 438 monte
447 396 556 438 sommo
580 380 745 457 appellatur
766 381 946 459 Vespasiae,
978 381 1025 441 ubi

19 463 236 542 Vespasiorum
255 462 405 540 complura
421 472 603 523 monumenta
618 473 725 541 extant,
738 483 873 541 magnum
890 466 1025 525 indicium

21 545 191 628 splendoris
204 546 330 606 familiae
356 555 385 605 et
407 549 568 607 vetustatis.
609 547 676 607 Non
698 551 866 625 negaverim
889 551 1024 610 iactatum

21 649 38 692 a
54 630 234 710 quibusdam,
253 630 387 690 Petronis
403 640 516 710 patrem
532 650 548 690 e
566 633 688 708 regione
704 632 910 711 Transpadana
933 635 1024 694 fuisse

10 717 186 794 ‚mancipem
202 732 373 794 operarum,
399 733 475 793 quae
490 733 528 774 ex
543 716 661 777 Umbria
682 718 711 774 in
728 716 852 776 Sabinos
875 717 911 778 ad
934 719 1023 778 cultu-

20 818 83 861 ram
98 817 236 877 agrorum
254 807 325 877 quot
340 800 422 858 annis
447 816 609 860 commeare
632 800 762 869 soleant;
785 800 953 861 subsedisse
976 821 1024 861 au-

20 886 124 945 tamin
142 883 254 961 oppido
272 884 408 961 Reatino,
429 902 522 943 uxore
536 883 641 943 ibidem
657 884 752 945 ducta.
785 884 854 963 lpse
879 904 915 944 ne
937 888 1023 944 vesti-

21 969 100 1047 gium
118 967 232 1046 quidem
248 966 285 1026 de
302 966 374 1044 hoc,
396 969 526 1046 quamvis
547 970 616 1027 satis
632 969 747 1028 curiose
768 970 959 1048 inquirerem,
983 971 1023 1028 in·

20 1070 99 1112 ueni.

10 1162 14 1198 ι
84 1137 287 1214 Vespasianus
304 1144 387 1195 natus
402 1144 447 1194 est
460 1136 488 1193 in
502 1135 615 1195 Sabinis
628 1136 701 1195 ultra
713 1137 805 1197 Reate
818 1139 885 1197 vico
898 1136 1023 1214 modico,
1036 1149 1052 1196 2

21 1221 68 1282 cui
82 1238 190 1281 nomen
203 1229 248 1279 est
259 1219 441 1296 Phalacrine,
456 1219 521 1280 XV.
535 1220 580 1279 lll.
593 1219 687 1279 Decb.
700 1223 830 1299 vesperi,
844 1222 879 1295 Q.
894 1221 1023 1299 Sulpicio

22 1303 193 1381 Camerino,
212 1302 245 1364 G.
260 1303 403 1382 Poppaeo
422 1303 530 1363 Sabino
548 1323 629 1365 cons.
647 1306 841 1383 quinquennio
857 1314 923 1364 ante
940 1323 1023 1383 quam

22 1389 173 1466 Augustus
190 1388 365 1457 excederet;
390 1387 529 1447 educatus
551 1388 602 1447 sub
622 1396 742 1467 paterna
763 1392 828 1450 avia
846 1389 975 1449 'l'ertulla
996 1392 1024 1448 in

22 1492 41 1552 p
77 1474 152 1533 ediis
171 1471 304 1534 Cosanis.
338 1472 436 1547 Quare
453 1474 593 1552 princeps
610 1491 726 1552 quoque
744 1484 773 1533 et
794 1474 890 1533 locum
908 1475 1023 1534 incuna-

10 1493 156 1618 tbdborum
178 1556 294 1617 assidue
316 1557 528 1635 frequentavit,
558 1567 691 1617 manente
711 1557 780 1618 villa
809 1559 902 1636 qualis
930 1559 1024 1618 fuerat

22 1642 109 1718 olim,
131 1641 253 1719 nequid
276 1641 391 1700 scilicet
415 1641 565 1700 oculorum
587 1642 787 1700 consuetudini
811 1643 973 1720 deperiret;
996 1650 1024 1701 et

22 1728 104 1786 aviae
120 1726 289 1784 memoriam
305 1733 385 1784 tanto
405 1741 498 1802 opere
514 1725 630 1802 dilexit,
650 1735 680 1784 ut
694 1726 884 1786 sollemnibus
896 1727 1023 1785 acdestis

21 1810 124 1870 diebus
140 1809 252 1887 pocillo
269 1827 387 1888 quoque
404 1810 467 1867 eius
490 1819 632 1886 argenteo
655 1819 758 1888 potare
776 1811 1023 1888 perseveraverit.

79 1893 199 1972 Sumpta
209 1893 290 1952 virili·
297 1902 378 1970 toga,
391 1893 478 1952 latum
491 1894 614 1970 clavum,
630 1913 799 1972 quamquam
808 1895 896 1953 iratre
906 1892 1023 1971 adepto,

10 1979 66 2039 adiu
82 1987 237 2038 aversatus
253 1987 307 2054 est,
324 1995 381 2036 nec
402 1987 432 2035 ut
452 1978 568 2036 tandem
589 1987 745 2056 appeteret
775 1976 914 2054 compelli
936 1978 989 2034 nisi
1008 1994 1024 2035 a

20 2071 110 2122 matre
132 2063 234 2140 potuit.
262 2060 306 2122 Ea
321 2060 434 2121 demum
454 2060 565 2121 extudit
593 2064 684 2137 magis
705 2063 840 2120 convicio
857 2077 940 2138 quam
957 2077 1023 2137 pre·

22 2146 102 2206 cibus
118 2146 166 2205 vel
183 2148 372 2222 auctoritate,
393 2145 457 2204 dum
481 2164 545 2204 eum
567 2144 722 2203 identidem
748 2163 802 2223 per
823 2143 1022 2204 contumellam

23 2229 274 2290 anteambulonem
288 2230 386 2289 fratris
403 2229 545 2308 appellat,

87 2313 274 2373 Tribunatum
290 2313 409 2372 militum
426 2315 454 2371 in
471 2312 594 2372 'l'hracia
611 2314 729 2382 meruit;
754 2322 891 2391 quaestor
910 2311 1024 2372 Cretam

10 2407 49 2458 tet
63 2395 196 2473 Cyrenas
217 2398 397 2475 provinciam
413 2406 492 2456 sorte
511 2399 605 2476 cepit;
631 2396 785 2457 aedilitatis
806 2414 841 2456 ac
856 2414 924 2456 mox
940 2415 1023 2475 prae·

22 2491 102 2543 torae
122 2481 301 2558 candidatus,
318 2480 397 2541 illam
413 2498 471 2540 non
495 2484 556 2540 sine
578 2481 697 2561 repulsa
720 2490 864 2559 sextoque
886 2485 935 2541 vix
957 2481 1022 2541 ade·

22 2575 86 2628 otus
103 2575 148 2625 est
163 2566 243 2641 loco,
260 2564 335 2626 hanc
354 2566 445 2644 prima
462 2566 557 2625 statim
570 2566 711 2645 petitione
725 2567 793 2624 etin
806 2568 921 2644 primis;
939 2585 1022 2644 prae·

22 2667 64 2710 sor
78 2650 224 2709 insensum
240 2651 351 2709 senatui
372 2648 472 2711 Gaium
488 2668 524 2708 ne
542 2668 600 2728 quo
619 2668 677 2710 non
690 2668 801 2727 genere
813 2649 1021 2726 demereretur,

21 2734 103 2795 ludos
119 2734 368 2794 extraordinarios
390 2750 444 2812 pro
466 2735 589 2794 victoria
614 2736 675 2794 eius
699 2734 869 2794 Germanica
891 2734 1021 2811 depopo-

10 2820 82 2895 ¹scit,
100 2835 274 2896 poenaeque
295 2819 510 2877 coniuratorum
527 2818 687 2878 addendum
705 2819 816 2877 censuit
834 2827 864 2876 ut
886 2816 1022 2894 insepulti

22 2903 233 2980 proicerentur.
263 2900 333 2979 Egit
349 2911 377 2961 et
395 2905 506 2978 gratias
525 2905 551 2962 ei
568 2902 644 2982 apud
661 2903 866 2980 amplissimum
881 2899 1021 2975 ordinem,

26 2986 96 3065 quod
113 3003 145 3045 se
162 2985 276 3045 bonore
294 3004 404 3046 caenae
421 2986 556 3063 dignatus
575 2996 664 3045 esset.

78 3069 159 3130 lnter
175 3069 251 3129 baec
265 3068 396 3130 Flauiam
413 3069 590 3130 Domitillam
606 3072 687 3130 duxit
704 3087 836 3145 uxorem,
856 3067 948 3126 Statili
968 3065 1020 3126 Ca·
1034 3075 1051 3128 3

22 3153 115 3232 pellae
132 3154 238 3232 equitis
256 3154 292 3214 ll.
311 3153 497 3214 Sabratensis
514 3173 552 3215 ex
567 3155 669 3213 Africa
686 3153 836 3212 delicatam
862 3151 929 3210 olim
948 3151 1021 3210 Lati-

10 3253 129 3316 naeque
146 3237 339 3316 condicionis,
358 3238 410 3298 sed
427 3257 496 3298 mox
514 3239 670 3316 ingenuam
686 3246 715 3296 et
732 3238 824 3296 civem
839 3237 924 3296 Rom.
947 3235 1021 3295 reci·

18 3339 51 3400 pe
71 3323 167 3381 atorio
183 3322 290 3383 iudicio
308 3325 529 3400 pronuntiatam,
548 3332 630 3400 patre
649 3330 799 3381 asserente
817 3319 919 3380 Flavio
937 3319 1020 3379 Libe·

16 3340 77 3481 rade
95 3405 214 3466 Ferenti
230 3407 330 3485 genito
347 3426 403 3466 nec
421 3409 576 3486 quicquam
602 3407 724 3485 amplius
748 3423 831 3483 quam
856 3405 1022 3483 quaestorio

24 3486 122 3550 triba.
170 3489 216 3550 Ex
232 3491 288 3550 bac
302 3489 413 3551 liberos
430 3491 496 3550 tulit
511 3491 603 3551 Titum
622 3500 650 3551 et
666 3489 859 3550 Domitianum
883 3499 911 3548 et
926 3488 1022 3549 Domi·

63 3595 218 3634 suaromus.
777 3575 814 3634 15
