<?xml version="1.0" encoding="UTF-8"?>
<!DOCTYPE html PUBLIC "-//W3C//DTD XHTML 1.0 Transitional//EN"
    "http://www.w3.org/TR/xhtml1/DTD/xhtml1-transitional.dtd">
<html xmlns="http://www.w3.org/1999/xhtml" xml:lang="en" lang="en">
 <head>
  <title>
</title>
<meta http-equiv="Content-Type" content="text/html;charset=utf-8" />
  <meta name='ocr-system' content='tesseract 3.04.00' />
  <meta name='ocr-capabilities' content='ocr_page ocr_carea ocr_par ocr_line ocrx_word'/>
</head>
<body>
  <div class='ocr_page' id='page_1' title='image "./csuetonitranqui01suetgoog_0222.png"; bbox 0 0 2256 3930; ppageno 0'>
   <div class='ocr_carea' id='block_1_1' title="bbox 473 224 1049 286">
    <p class='ocr_par' dir='ltr' id='par_1_1' title="bbox 473 224 1049 286">
     <span class='ocr_line' id='line_1_1' title="bbox 473 224 1049 286; baseline 0 -12"><span class='ocrx_word' id='word_1_1' title='bbox 473 227 647 276; x_wconf 75' lang='lat' dir='ltr'><strong>cremanus.</strong></span> <span class='ocrx_word' id='word_1_2' title='bbox 989 224 1049 286; x_wconf 82' lang='lat'><strong>113</strong></span> 
     </span>
    </p>
   </div>
   <div class='ocr_carea' id='block_1_2' title="bbox 10 379 1092 3488">
    <p class='ocr_par' dir='ltr' id='par_1_2' title="bbox 10 379 1049 712">
     <span class='ocr_line' id='line_1_2' title="bbox 15 379 1048 466; baseline 0.01 -26"><span class='ocrx_word' id='word_1_3' title='bbox 15 382 18 387; x_wconf 80' lang='grc'>’</span> <span class='ocrx_word' id='word_1_4' title='bbox 38 379 197 462; x_wconf 78' lang='lat' dir='ltr'><strong>nepotibus</strong></span> <span class='ocrx_word' id='word_1_5' title='bbox 220 399 358 459; x_wconf 84' lang='lat' dir='ltr'>parsurus</span> <span class='ocrx_word' id='word_1_6' title='bbox 376 381 519 459; x_wconf 91' lang='lat' dir='ltr'><strong>creditur,</strong></span> <span class='ocrx_word' id='word_1_7' title='bbox 537 400 600 442; x_wconf 89' lang='lat' dir='ltr'><strong>curn</strong></span> <span class='ocrx_word' id='word_1_8' title='bbox 617 393 646 444; x_wconf 91' lang='lat' dir='ltr'><strong>et</strong></span> <span class='ocrx_word' id='word_1_9' title='bbox 664 385 763 446; x_wconf 89' lang='lat' dir='ltr'><strong>Gaium</strong></span> <span class='ocrx_word' id='word_1_10' title='bbox 780 396 948 466; x_wconf 89' lang='lat' dir='ltr'><strong>suspectum</strong></span> <span class='ocrx_word' id='word_1_11' title='bbox 961 389 1048 450; x_wconf 89' lang='lat' dir='ltr'><strong>habe·</strong></span> 
     </span>
     <span class='ocr_line' id='line_1_3' title="bbox 10 464 1047 550; baseline 0.008 -26"><span class='ocrx_word' id='word_1_12' title='bbox 10 470 99 543; x_wconf 66' lang='lat' dir='ltr'><strong>iret,</strong></span> <span class='ocrx_word' id='word_1_13' title='bbox 127 473 156 524; x_wconf 89' lang='lat' dir='ltr'><strong>et</strong></span> <span class='ocrx_word' id='word_1_14' title='bbox 178 464 324 524; x_wconf 86' lang='lat' dir='ltr'>Tiberium</span> <span class='ocrx_word' id='word_1_15' title='bbox 349 474 379 524; x_wconf 92' lang='lat' dir='ltr'><strong>ut</strong></span> <span class='ocrx_word' id='word_1_16' title='bbox 407 483 444 525; x_wconf 87' lang='lat' dir='ltr'><strong>en</strong></span> <span class='ocrx_word' id='word_1_17' title='bbox 469 465 611 527; x_wconf 90' lang='lat' dir='ltr'><strong>adulterio</strong></span> <span class='ocrx_word' id='word_1_18' title='bbox 641 478 815 549; x_wconf 89' lang='lat' dir='ltr'><strong>conceptum</strong></span> <span class='ocrx_word' id='word_1_19' title='bbox 833 482 1047 550; x_wconf 82' lang='lat' dir='ltr'><strong>aspernaretur.</strong></span> 
     </span>
     <span class='ocr_line' id='line_1_4' title="bbox 10 548 1049 632; baseline 0.006 -22"><span class='ocrx_word' id='word_1_20' title='bbox 10 552 14 601; x_wconf 78' lang='grc' dir='ltr'>ἰ</span> <span class='ocrx_word' id='word_1_21' title='bbox 37 548 102 610; x_wconf 89' lang='lat' dir='ltr'><strong>Nec</strong></span> <span class='ocrx_word' id='word_1_22' title='bbox 123 548 262 608; x_wconf 88' lang='lat' dir='ltr'><strong>abhorret</strong></span> <span class='ocrx_word' id='word_1_23' title='bbox 284 568 300 609; x_wconf 97' lang='lat' dir='ltr'><strong>a</strong></span> <span class='ocrx_word' id='word_1_24' title='bbox 319 567 408 618; x_wconf 89' lang='lat' dir='ltr'><strong>ver0;</strong></span> <span class='ocrx_word' id='word_1_25' title='bbox 435 567 557 629; x_wconf 93' lang='lat' dir='ltr'><strong>namque</strong></span> <span class='ocrx_word' id='word_1_26' title='bbox 576 551 732 612; x_wconf 82' lang='lat' dir='ltr'><strong>identidem</strong></span> <span class='ocrx_word' id='word_1_27' title='bbox 750 553 872 632; x_wconf 79' lang='lat' dir='ltr'><strong>felicem</strong></span> <span class='ocrx_word' id='word_1_28' title='bbox 891 555 1049 616; x_wconf 82' lang='lat' dir='ltr'><strong>Priamum</strong></span> 
     </span>
     <span class='ocr_line' id='line_1_5' title="bbox 10 632 929 712; baseline 0.005 -18"><span class='ocrx_word' id='word_1_29' title='bbox 10 632 17 675; x_wconf 56' lang='grc' dir='ltr'><strong>ι</strong></span> <span class='ocrx_word' id='word_1_30' title='bbox 36 632 183 710; x_wconf 86' lang='lat' dir='ltr'><strong>oocobot,</strong></span> <span class='ocrx_word' id='word_1_31' title='bbox 202 632 286 712; x_wconf 81' lang='lat' dir='ltr'><strong>qued</strong></span> <span class='ocrx_word' id='word_1_32' title='bbox 300 639 461 712; x_wconf 76' lang='lat' dir='ltr'><strong>superstes</strong></span> <span class='ocrx_word' id='word_1_33' title='bbox 476 634 607 695; x_wconf 83' lang='lat' dir='ltr'><strong>emnium</strong></span> <span class='ocrx_word' id='word_1_34' title='bbox 623 654 751 698; x_wconf 83' lang='lat' dir='ltr'><strong>suorum</strong></span> <span class='ocrx_word' id='word_1_35' title='bbox 768 639 929 699; x_wconf 74' lang='lat' dir='ltr'><strong>extitisset.</strong></span> 
     </span>
    </p>

    <p class='ocr_par' dir='ltr' id='par_1_3' title="bbox 10 714 1092 802">
     <span class='ocr_line' id='line_1_6' title="bbox 10 714 1092 802; baseline 0.012 -25"><span class='ocrx_word' id='word_1_36' title='bbox 10 714 27 777; x_wconf 77' lang='lat' dir='ltr'><strong>b</strong></span> <span class='ocrx_word' id='word_1_37' title='bbox 100 719 192 793; x_wconf 81' lang='lat' dir='ltr'><strong>Quam</strong></span> <span class='ocrx_word' id='word_1_38' title='bbox 212 719 286 776; x_wconf 91' lang='lat' dir='ltr'><strong>iuter</strong></span> <span class='ocrx_word' id='word_1_39' title='bbox 306 719 380 777; x_wconf 88' lang='lat' dir='ltr'><strong>haec</strong></span> <span class='ocrx_word' id='word_1_40' title='bbox 401 734 459 777; x_wconf 92' lang='lat' dir='ltr'><strong>non</strong></span> <span class='ocrx_word' id='word_1_41' title='bbox 478 717 565 777; x_wconf 92' lang='lat' dir='ltr'><strong>modo</strong></span> <span class='ocrx_word' id='word_1_42' title='bbox 591 721 700 779; x_wconf 86' lang='lat' dir='ltr'><strong>invisus</strong></span> <span class='ocrx_word' id='word_1_43' title='bbox 725 739 760 781; x_wconf 88' lang='lat' dir='ltr'><strong>ac</strong></span> <span class='ocrx_word' id='word_1_44' title='bbox 775 721 974 802; x_wconf 88' lang='lat' dir='ltr'><strong>detestabilis,</strong></span> <span class='ocrx_word' id='word_1_45' title='bbox 997 725 1092 790; x_wconf 83' lang='lat' dir='ltr'><strong>sed63</strong></span> 
     </span>
    </p>

    <p class='ocr_par' dir='ltr' id='par_1_4' title="bbox 10 799 1048 1136">
     <span class='ocr_line' id='line_1_7' title="bbox 10 799 1047 886; baseline 0.005 -23"><span class='ocrx_word' id='word_1_46' title='bbox 10 805 13 842; x_wconf 66' lang='lat'>³</span> <span class='ocrx_word' id='word_1_47' title='bbox 34 800 240 883; x_wconf 83' lang='lat' dir='ltr'><strong>praetrepidus</strong></span> <span class='ocrx_word' id='word_1_48' title='bbox 252 819 369 881; x_wconf 91' lang='lat' dir='ltr'><strong>quoque</strong></span> <span class='ocrx_word' id='word_1_49' title='bbox 381 799 467 880; x_wconf 89' lang='lat' dir='ltr'><strong>atque</strong></span> <span class='ocrx_word' id='word_1_50' title='bbox 480 802 565 862; x_wconf 91' lang='lat' dir='ltr'><strong>etiam</strong></span> <span class='ocrx_word' id='word_1_51' title='bbox 578 805 760 864; x_wconf 92' lang='lat' dir='ltr'><strong>contumeliis</strong></span> <span class='ocrx_word' id='word_1_52' title='bbox 775 805 918 866; x_wconf 83' lang='lat' dir='ltr'><strong>obnoxius</strong></span> <span class='ocrx_word' id='word_1_53' title='bbox 930 809 1047 886; x_wconf 83' lang='lat' dir='ltr'><strong>vixerit,</strong></span> 
     </span>
     <span class='ocr_line' id='line_1_8' title="bbox 32 884 1047 964; baseline 0.004 -17"><span class='ocrx_word' id='word_1_54' title='bbox 32 888 125 947; x_wconf 90' lang='lat' dir='ltr'><strong>multa</strong></span> <span class='ocrx_word' id='word_1_55' title='bbox 147 884 252 945; x_wconf 90' lang='lat' dir='ltr'><strong>indicia</strong></span> <span class='ocrx_word' id='word_1_56' title='bbox 267 895 340 945; x_wconf 87' lang='lat' dir='ltr'><strong>sunt.</strong></span> <span class='ocrx_word' id='word_1_57' title='bbox 374 885 554 964; x_wconf 79' lang='lat' dir='ltr'><strong>Haruspices</strong></span> <span class='ocrx_word' id='word_1_58' title='bbox 569 897 686 947; x_wconf 90' lang='lat' dir='ltr'><strong>secreto</strong></span> <span class='ocrx_word' id='word_1_59' title='bbox 705 907 740 948; x_wconf 90' lang='lat' dir='ltr'><strong>ac</strong></span> <span class='ocrx_word' id='word_1_60' title='bbox 756 891 819 948; x_wconf 90' lang='lat' dir='ltr'><strong>sine</strong></span> <span class='ocrx_word' id='word_1_61' title='bbox 835 890 958 950; x_wconf 89' lang='lat' dir='ltr'><strong>testibus</strong></span> <span class='ocrx_word' id='word_1_62' title='bbox 979 909 1047 951; x_wconf 90' lang='lat' dir='ltr'><strong>con·</strong></span> 
     </span>
     <span class='ocr_line' id='line_1_9' title="bbox 31 969 1048 1035; baseline 0.004 -4"><span class='ocrx_word' id='word_1_63' title='bbox 31 971 92 1031; x_wconf 91' lang='lat' dir='ltr'><strong>suli</strong></span> <span class='ocrx_word' id='word_1_64' title='bbox 115 971 216 1030; x_wconf 86' lang='lat' dir='ltr'><strong>vetuit.</strong></span> <span class='ocrx_word' id='word_1_65' title='bbox 245 971 349 1030; x_wconf 84' lang='lat' dir='ltr'><strong>Vicina</strong></span> <span class='ocrx_word' id='word_1_66' title='bbox 363 987 435 1029; x_wconf 87' lang='lat' dir='ltr'><strong>vero</strong></span> <span class='ocrx_word' id='word_1_67' title='bbox 451 969 515 1029; x_wconf 91' lang='lat' dir='ltr'><strong>urbi</strong></span> <span class='ocrx_word' id='word_1_68' title='bbox 531 971 649 1031; x_wconf 90' lang='lat' dir='ltr'><strong>oracula</strong></span> <span class='ocrx_word' id='word_1_69' title='bbox 666 974 751 1032; x_wconf 90' lang='lat' dir='ltr'><strong>etiam</strong></span> <span class='ocrx_word' id='word_1_70' title='bbox 766 974 908 1033; x_wconf 90' lang='lat' dir='ltr'><strong>dissicere</strong></span> <span class='ocrx_word' id='word_1_71' title='bbox 927 984 1048 1035; x_wconf 91' lang='lat' dir='ltr'><strong>conatus</strong></span> 
     </span>
     <span class='ocr_line' id='line_1_10' title="bbox 32 1052 1047 1136; baseline 0.002 -20"><span class='ocrx_word' id='word_1_72' title='bbox 32 1064 99 1132; x_wconf 91' lang='lat' dir='ltr'><strong>est,</strong></span> <span class='ocrx_word' id='word_1_73' title='bbox 122 1053 173 1114; x_wconf 93' lang='lat' dir='ltr'><strong>sed</strong></span> <span class='ocrx_word' id='word_1_74' title='bbox 192 1055 343 1115; x_wconf 89' lang='lat' dir='ltr'><strong>maiestate</strong></span> <span class='ocrx_word' id='word_1_75' title='bbox 363 1052 615 1113; x_wconf 89' lang='lat' dir='ltr'><strong>Praenestinarum</strong></span> <span class='ocrx_word' id='word_1_76' title='bbox 640 1058 760 1116; x_wconf 90' lang='lat' dir='ltr'><strong>sortium</strong></span> <span class='ocrx_word' id='word_1_77' title='bbox 783 1059 900 1117; x_wconf 87' lang='lat' dir='ltr'><strong>territus</strong></span> <span class='ocrx_word' id='word_1_78' title='bbox 927 1059 1047 1136; x_wconf 84' lang='lat' dir='ltr'><strong>destitit,</strong></span> 
     </span>
    </p>

    <p class='ocr_par' dir='ltr' id='par_1_5' title="bbox 10 1137 1049 1557">
     <span class='ocr_line' id='line_1_11' title="bbox 10 1137 1049 1220; baseline 0.009 -25"><span class='ocrx_word' id='word_1_79' title='bbox 10 1152 103 1202; x_wconf 77' lang='lat' dir='ltr'><strong>tcum</strong></span> <span class='ocrx_word' id='word_1_80' title='bbox 124 1137 291 1215; x_wconf 87' lang='lat' dir='ltr'><strong>obsignatas</strong></span> <span class='ocrx_word' id='word_1_81' title='bbox 315 1137 514 1215; x_wconf 81' lang='lat' dir='ltr'><strong>deuectasque</strong></span> <span class='ocrx_word' id='word_1_82' title='bbox 527 1138 647 1198; x_wconf 84' lang='lat' dir='ltr'><strong>Romam</strong></span> <span class='ocrx_word' id='word_1_83' title='bbox 665 1158 723 1199; x_wconf 93' lang='lat' dir='ltr'><strong>non</strong></span> <span class='ocrx_word' id='word_1_84' title='bbox 738 1143 921 1220; x_wconf 90' lang='lat' dir='ltr'><strong>repperisset</strong></span> <span class='ocrx_word' id='word_1_85' title='bbox 934 1144 963 1201; x_wconf 93' lang='lat' dir='ltr'><strong>in</strong></span> <span class='ocrx_word' id='word_1_86' title='bbox 980 1161 1049 1205; x_wconf 89' lang='lat' dir='ltr'><strong>arca</strong></span> 
     </span>
     <span class='ocr_line' id='line_1_12' title="bbox 29 1221 1047 1303; baseline 0.001 -18"><span class='ocrx_word' id='word_1_87' title='bbox 29 1224 93 1285; x_wconf 93' lang='lat' dir='ltr'><strong>nisi</strong></span> <span class='ocrx_word' id='word_1_88' title='bbox 115 1221 206 1282; x_wconf 89' lang='lat' dir='ltr'><strong>relata</strong></span> <span class='ocrx_word' id='word_1_89' title='bbox 227 1240 327 1281; x_wconf 90' lang='lat' dir='ltr'><strong>rursus</strong></span> <span class='ocrx_word' id='word_1_90' title='bbox 349 1221 383 1281; x_wconf 91' lang='lat' dir='ltr'><strong>ad</strong></span> <span class='ocrx_word' id='word_1_91' title='bbox 399 1221 546 1300; x_wconf 88' lang='lat' dir='ltr'><strong>templum.</strong></span> <span class='ocrx_word' id='word_1_92' title='bbox 577 1223 671 1283; x_wconf 91' lang='lat' dir='ltr'><strong>Unum</strong></span> <span class='ocrx_word' id='word_1_93' title='bbox 686 1233 714 1283; x_wconf 92' lang='lat' dir='ltr'><strong>et</strong></span> <span class='ocrx_word' id='word_1_94' title='bbox 729 1224 849 1284; x_wconf 89' lang='lat' dir='ltr'><strong>alterum</strong></span> <span class='ocrx_word' id='word_1_95' title='bbox 865 1227 1047 1303; x_wconf 90' lang='lat' dir='ltr'><strong>consulares,</strong></span> 
     </span>
     <span class='ocr_line' id='line_1_13' title="bbox 30 1306 1047 1388; baseline 0 -18"><span class='ocrx_word' id='word_1_96' title='bbox 30 1307 144 1370; x_wconf 88' lang='lat' dir='ltr'><strong>oblatis</strong></span> <span class='ocrx_word' id='word_1_97' title='bbox 161 1307 320 1385; x_wconf 87' lang='lat' dir='ltr'><strong>provinciis</strong></span> <span class='ocrx_word' id='word_1_98' title='bbox 335 1323 393 1365; x_wconf 93' lang='lat' dir='ltr'><strong>non</strong></span> <span class='ocrx_word' id='word_1_99' title='bbox 408 1324 494 1365; x_wconf 91' lang='lat' dir='ltr'><strong>ausus</strong></span> <span class='ocrx_word' id='word_1_100' title='bbox 509 1324 524 1365; x_wconf 96' lang='lat' dir='ltr'><strong>a</strong></span> <span class='ocrx_word' id='word_1_101' title='bbox 540 1324 572 1365; x_wconf 92' lang='lat' dir='ltr'><strong>se</strong></span> <span class='ocrx_word' id='word_1_102' title='bbox 587 1306 741 1385; x_wconf 81' lang='lat' dir='ltr'><strong>dimittere,</strong></span> <span class='ocrx_word' id='word_1_103' title='bbox 758 1327 849 1387; x_wconf 91' lang='lat' dir='ltr'><strong>usque</strong></span> <span class='ocrx_word' id='word_1_104' title='bbox 865 1327 901 1369; x_wconf 89' lang='lat' dir='ltr'><strong>eo</strong></span> <span class='ocrx_word' id='word_1_105' title='bbox 917 1309 1047 1388; x_wconf 86' lang='lat' dir='ltr'><strong>detinuit,</strong></span> 
     </span>
     <span class='ocr_line' id='line_1_14' title="bbox 29 1390 1046 1470; baseline 0.001 -17"><span class='ocrx_word' id='word_1_106' title='bbox 29 1393 135 1453; x_wconf 81' lang='lat' dir='ltr'><strong>&#39;donec</strong></span> <span class='ocrx_word' id='word_1_107' title='bbox 160 1407 352 1450; x_wconf 90' lang='lat' dir='ltr'><strong>successores</strong></span> <span class='ocrx_word' id='word_1_108' title='bbox 378 1399 447 1469; x_wconf 90' lang='lat' dir='ltr'><strong>post</strong></span> <span class='ocrx_word' id='word_1_109' title='bbox 474 1390 585 1468; x_wconf 87' lang='lat' dir='ltr'><strong>aliquot</strong></span> <span class='ocrx_word' id='word_1_110' title='bbox 612 1408 704 1450; x_wconf 91' lang='lat' dir='ltr'><strong>annos</strong></span> <span class='ocrx_word' id='word_1_111' title='bbox 725 1393 928 1470; x_wconf 89' lang='lat' dir='ltr'><strong>praesentibus</strong></span> <span class='ocrx_word' id='word_1_112' title='bbox 949 1393 1046 1465; x_wconf 90' lang='lat' dir='ltr'><strong>daret;</strong></span> 
     </span>
     <span class='ocr_line' id='line_1_15' title="bbox 33 1473 1048 1557; baseline 0.001 -20"><span class='ocrx_word' id='word_1_113' title='bbox 33 1494 102 1538; x_wconf 93' lang='lat' dir='ltr'><strong>cum</strong></span> <span class='ocrx_word' id='word_1_114' title='bbox 129 1475 243 1534; x_wconf 88' lang='lat' dir='ltr'><strong>interim</strong></span> <span class='ocrx_word' id='word_1_115' title='bbox 267 1482 400 1534; x_wconf 88' lang='lat' dir='ltr'><strong>manente</strong></span> <span class='ocrx_word' id='word_1_116' title='bbox 426 1473 515 1534; x_wconf 88' lang='lat' dir='ltr'><strong>cilicii</strong></span> <span class='ocrx_word' id='word_1_117' title='bbox 537 1473 619 1534; x_wconf 93' lang='lat' dir='ltr'><strong>titulo</strong></span> <span class='ocrx_word' id='word_1_118' title='bbox 643 1477 729 1535; x_wconf 90' lang='lat' dir='ltr'><strong>etiam</strong></span> <span class='ocrx_word' id='word_1_119' title='bbox 751 1476 904 1554; x_wconf 84' lang='lat' dir='ltr'><strong>delegaret</strong></span> <span class='ocrx_word' id='word_1_120' title='bbox 926 1478 1048 1557; x_wconf 91' lang='lat' dir='ltr'><strong>plurima</strong></span> 
     </span>
    </p>

    <p class='ocr_par' dir='ltr' id='par_1_6' title="bbox 10 1557 1090 1957">
     <span class='ocr_line' id='line_1_16' title="bbox 10 1557 1047 1640; baseline 0.002 -19"><span class='ocrx_word' id='word_1_121' title='bbox 10 1600 12 1614; x_wconf 81' lang='lat'><em>·</em></span> <span class='ocrx_word' id='word_1_122' title='bbox 32 1558 168 1636; x_wconf 91' lang='lat' dir='ltr'><strong>assidue,</strong></span> <span class='ocrx_word' id='word_1_123' title='bbox 194 1577 267 1638; x_wconf 92' lang='lat' dir='ltr'><strong>quae</strong></span> <span class='ocrx_word' id='word_1_124' title='bbox 290 1558 333 1617; x_wconf 93' lang='lat' dir='ltr'><strong>illi</strong></span> <span class='ocrx_word' id='word_1_125' title='bbox 356 1575 410 1637; x_wconf 92' lang='lat' dir='ltr'><strong>per</strong></span> <span class='ocrx_word' id='word_1_126' title='bbox 430 1557 546 1634; x_wconf 88' lang='lat' dir='ltr'><strong>legatos</strong></span> <span class='ocrx_word' id='word_1_127' title='bbox 568 1566 597 1617; x_wconf 89' lang='lat' dir='ltr'><strong>et</strong></span> <span class='ocrx_word' id='word_1_128' title='bbox 619 1558 765 1620; x_wconf 90' lang='lat' dir='ltr'><strong>adiutores</strong></span> <span class='ocrx_word' id='word_1_129' title='bbox 786 1578 854 1620; x_wconf 91' lang='lat' dir='ltr'><strong>suos</strong></span> <span class='ocrx_word' id='word_1_130' title='bbox 876 1562 1047 1640; x_wconf 85' lang='lat' dir='ltr'><strong>exequenda</strong></span> 
     </span>
     <span class='ocr_line' id='line_1_17' title="bbox 33 1642 1090 1723; baseline 0 -17"><span class='ocrx_word' id='word_1_131' title='bbox 33 1652 182 1706; x_wconf 88' lang='lat' dir='ltr'><strong>curarent.</strong></span> <span class='ocrx_word' id='word_1_132' title='bbox 209 1642 317 1702; x_wconf 89' lang='lat' dir='ltr'><strong>Nurum</strong></span> <span class='ocrx_word' id='word_1_133' title='bbox 337 1659 372 1702; x_wconf 90' lang='lat' dir='ltr'><strong>ac</strong></span> <span class='ocrx_word' id='word_1_134' title='bbox 390 1650 515 1721; x_wconf 87' lang='lat' dir='ltr'><strong>nepotes</strong></span> <span class='ocrx_word' id='word_1_135' title='bbox 534 1660 686 1721; x_wconf 90' lang='lat' dir='ltr'><strong>numquam</strong></span> <span class='ocrx_word' id='word_1_136' title='bbox 707 1644 791 1704; x_wconf 92' lang='lat' dir='ltr'><strong>aliter</strong></span> <span class='ocrx_word' id='word_1_137' title='bbox 806 1654 874 1723; x_wconf 92' lang='lat' dir='ltr'><strong>post</strong></span> <span class='ocrx_word' id='word_1_138' title='bbox 890 1644 1090 1717; x_wconf 75' lang='lat' dir='ltr'><strong>damnatio-64</strong></span> 
     </span>
     <span class='ocr_line' id='line_1_18' title="bbox 31 1725 1046 1808; baseline 0.001 -19"><span class='ocrx_word' id='word_1_139' title='bbox 31 1746 102 1789; x_wconf 92' lang='lat' dir='ltr'><strong>nem</strong></span> <span class='ocrx_word' id='word_1_140' title='bbox 118 1745 201 1807; x_wconf 89' lang='lat' dir='ltr'><strong>quam</strong></span> <span class='ocrx_word' id='word_1_141' title='bbox 217 1735 366 1787; x_wconf 90' lang='lat' dir='ltr'><strong>catenatos</strong></span> <span class='ocrx_word' id='word_1_142' title='bbox 383 1725 544 1804; x_wconf 90' lang='lat' dir='ltr'><strong>obsutaque</strong></span> <span class='ocrx_word' id='word_1_143' title='bbox 560 1727 665 1787; x_wconf 82' lang='lat' dir='ltr'><strong>lectica</strong></span> <span class='ocrx_word' id='word_1_144' title='bbox 680 1727 749 1787; x_wconf 94' lang='lat' dir='ltr'><strong>loco</strong></span> <span class='ocrx_word' id='word_1_145' title='bbox 763 1730 867 1805; x_wconf 89' lang='lat' dir='ltr'><strong>movit,</strong></span> <span class='ocrx_word' id='word_1_146' title='bbox 891 1729 1046 1808; x_wconf 89' lang='lat' dir='ltr'><strong>prohibitis</strong></span> 
     </span>
     <span class='ocr_line' id='line_1_19' title="bbox 32 1809 1047 1893; baseline -0.001 -20"><span class='ocrx_word' id='word_1_147' title='bbox 32 1831 91 1893; x_wconf 89' lang='lat' dir='ltr'><strong>per</strong></span> <span class='ocrx_word' id='word_1_148' title='bbox 113 1812 231 1871; x_wconf 88' lang='lat' dir='ltr'><strong>militem</strong></span> <span class='ocrx_word' id='word_1_149' title='bbox 255 1810 350 1871; x_wconf 85' lang='lat' dir='ltr'><strong>obviis</strong></span> <span class='ocrx_word' id='word_1_150' title='bbox 375 1827 410 1868; x_wconf 89' lang='lat' dir='ltr'><strong>ac</strong></span> <span class='ocrx_word' id='word_1_151' title='bbox 431 1809 590 1870; x_wconf 89' lang='lat' dir='ltr'><strong>viatoribus</strong></span> <span class='ocrx_word' id='word_1_152' title='bbox 609 1812 761 1891; x_wconf 90' lang='lat' dir='ltr'><strong>respicere</strong></span> <span class='ocrx_word' id='word_1_153' title='bbox 777 1830 898 1891; x_wconf 92' lang='lat' dir='ltr'><strong>usquam</strong></span> <span class='ocrx_word' id='word_1_154' title='bbox 912 1813 960 1873; x_wconf 88' lang='lat' dir='ltr'><strong>vel</strong></span> <span class='ocrx_word' id='word_1_155' title='bbox 978 1832 1047 1874; x_wconf 93' lang='lat' dir='ltr'><strong>con·</strong></span> 
     </span>
     <span class='ocr_line' id='line_1_20' title="bbox 33 1900 152 1957; baseline -0.025 0"><span class='ocrx_word' id='word_1_156' title='bbox 33 1900 152 1957; x_wconf 90' lang='lat' dir='ltr'><strong>sistere.</strong></span> 
     </span>
    </p>

    <p class='ocr_par' dir='ltr' id='par_1_7' title="bbox 10 1978 1088 2394">
     <span class='ocr_line' id='line_1_21' title="bbox 10 1978 1088 2058; baseline 0.002 -20"><span class='ocrx_word' id='word_1_157' title='bbox 10 2007 16 2038; x_wconf 72' lang='grc' dir='ltr'><strong>ι</strong></span> <span class='ocrx_word' id='word_1_158' title='bbox 101 1980 235 2040; x_wconf 88' lang='lat' dir='ltr'><strong>Seianum</strong></span> <span class='ocrx_word' id='word_1_159' title='bbox 256 1997 306 2039; x_wconf 91' lang='lat' dir='ltr'><strong>res</strong></span> <span class='ocrx_word' id='word_1_160' title='bbox 326 1997 419 2039; x_wconf 82' lang='lat' dir='ltr'><strong>novas</strong></span> <span class='ocrx_word' id='word_1_161' title='bbox 441 1978 626 2056; x_wconf 91' lang='lat' dir='ltr'><strong>molientem,</strong></span> <span class='ocrx_word' id='word_1_162' title='bbox 649 1980 777 2058; x_wconf 90' lang='lat' dir='ltr'><strong>quamvis</strong></span> <span class='ocrx_word' id='word_1_163' title='bbox 795 1981 851 2038; x_wconf 91' lang='lat' dir='ltr'><strong>iam</strong></span> <span class='ocrx_word' id='word_1_164' title='bbox 873 1989 901 2038; x_wconf 92' lang='lat' dir='ltr'><strong>et</strong></span> <span class='ocrx_word' id='word_1_165' title='bbox 923 1979 1046 2040; x_wconf 89' lang='lat' dir='ltr'><strong>natalem</strong></span> <span class='ocrx_word' id='word_1_166' title='bbox 1055 1996 1088 2053; x_wconf 79' lang='lat'><strong>65</strong></span> 
     </span>
     <span class='ocr_line' id='line_1_22' title="bbox 35 2061 1046 2143; baseline -0.001 -18"><span class='ocrx_word' id='word_1_167' title='bbox 35 2065 101 2125; x_wconf 90' lang='lat' dir='ltr'><strong>eius</strong></span> <span class='ocrx_word' id='word_1_168' title='bbox 116 2063 234 2143; x_wconf 91' lang='lat' dir='ltr'><strong>publice</strong></span> <span class='ocrx_word' id='word_1_169' title='bbox 252 2061 396 2123; x_wconf 90' lang='lat' dir='ltr'><strong>celebrari</strong></span> <span class='ocrx_word' id='word_1_170' title='bbox 413 2071 441 2122; x_wconf 91' lang='lat' dir='ltr'><strong>et</strong></span> <span class='ocrx_word' id='word_1_171' title='bbox 456 2063 598 2140; x_wconf 84' lang='lat' dir='ltr'><strong>imagines</strong></span> <span class='ocrx_word' id='word_1_172' title='bbox 614 2080 718 2123; x_wconf 89' lang='lat' dir='ltr'><strong>aureas</strong></span> <span class='ocrx_word' id='word_1_173' title='bbox 732 2063 790 2123; x_wconf 92' lang='lat' dir='ltr'><strong>coli</strong></span> <span class='ocrx_word' id='word_1_174' title='bbox 803 2065 911 2142; x_wconf 88' lang='lat' dir='ltr'><strong>passim</strong></span> <span class='ocrx_word' id='word_1_175' title='bbox 923 2062 1046 2143; x_wconf 87' lang='lat' dir='ltr'><strong>videret,</strong></span> 
     </span>
     <span class='ocr_line' id='line_1_23' title="bbox 33 2145 1046 2226; baseline 0 -17"><span class='ocrx_word' id='word_1_176' title='bbox 33 2150 88 2209; x_wconf 83' lang='lat' dir='ltr'><strong>vix</strong></span> <span class='ocrx_word' id='word_1_177' title='bbox 105 2147 219 2208; x_wconf 89' lang='lat' dir='ltr'><strong>tandem</strong></span> <span class='ocrx_word' id='word_1_178' title='bbox 237 2155 266 2206; x_wconf 92' lang='lat' dir='ltr'><strong>et</strong></span> <span class='ocrx_word' id='word_1_179' title='bbox 281 2155 344 2206; x_wconf 91' lang='lat' dir='ltr'><strong>astu</strong></span> <span class='ocrx_word' id='word_1_180' title='bbox 358 2147 450 2226; x_wconf 85' lang='lat' dir='ltr'><strong>magis</strong></span> <span class='ocrx_word' id='word_1_181' title='bbox 465 2165 500 2207; x_wconf 92' lang='lat' dir='ltr'><strong>ac</strong></span> <span class='ocrx_word' id='word_1_182' title='bbox 517 2146 585 2206; x_wconf 95' lang='lat' dir='ltr'><strong>dolo</strong></span> <span class='ocrx_word' id='word_1_183' title='bbox 601 2145 685 2226; x_wconf 90' lang='lat' dir='ltr'><strong>quam</strong></span> <span class='ocrx_word' id='word_1_184' title='bbox 699 2147 853 2226; x_wconf 90' lang='lat' dir='ltr'><strong>principali</strong></span> <span class='ocrx_word' id='word_1_185' title='bbox 874 2148 1046 2208; x_wconf 90' lang='lat' dir='ltr'><strong>auctoritate</strong></span> 
     </span>
     <span class='ocr_line' id='line_1_24' title="bbox 34 2229 1046 2310; baseline -0.001 -17"><span class='ocrx_word' id='word_1_186' title='bbox 34 2232 190 2293; x_wconf 87' lang='lat' dir='ltr'><strong>subvertit.</strong></span> <span class='ocrx_word' id='word_1_187' title='bbox 221 2229 293 2290; x_wconf 90' lang='lat' dir='ltr'><strong>Nam</strong></span> <span class='ocrx_word' id='word_1_188' title='bbox 309 2232 421 2310; x_wconf 91' lang='lat' dir='ltr'><strong>primo,</strong></span> <span class='ocrx_word' id='word_1_189' title='bbox 445 2239 475 2290; x_wconf 94' lang='lat' dir='ltr'><strong>ut</strong></span> <span class='ocrx_word' id='word_1_190' title='bbox 497 2249 513 2290; x_wconf 91' lang='lat' dir='ltr'><strong>a</strong></span> <span class='ocrx_word' id='word_1_191' title='bbox 527 2249 560 2290; x_wconf 90' lang='lat' dir='ltr'><strong>se</strong></span> <span class='ocrx_word' id='word_1_192' title='bbox 574 2248 628 2310; x_wconf 90' lang='lat' dir='ltr'><strong>per</strong></span> <span class='ocrx_word' id='word_1_193' title='bbox 643 2232 773 2310; x_wconf 88' lang='lat' dir='ltr'><strong>speciem</strong></span> <span class='ocrx_word' id='word_1_194' title='bbox 787 2230 908 2291; x_wconf 91' lang='lat' dir='ltr'><strong>honoris</strong></span> <span class='ocrx_word' id='word_1_195' title='bbox 926 2230 1046 2292; x_wconf 90' lang='lat' dir='ltr'><strong>dimitte·</strong></span> 
     </span>
     <span class='ocr_line' id='line_1_25' title="bbox 34 2314 1046 2394; baseline -0.001 -17"><span class='ocrx_word' id='word_1_196' title='bbox 34 2325 101 2394; x_wconf 87' lang='lat' dir='ltr'><strong>ret,</strong></span> <span class='ocrx_word' id='word_1_197' title='bbox 119 2315 265 2392; x_wconf 86' lang='lat' dir='ltr'><strong>collegam</strong></span> <span class='ocrx_word' id='word_1_198' title='bbox 280 2314 334 2374; x_wconf 91' lang='lat' dir='ltr'><strong>sibi</strong></span> <span class='ocrx_word' id='word_1_199' title='bbox 347 2315 505 2393; x_wconf 90' lang='lat' dir='ltr'><strong>adsumpsit</strong></span> <span class='ocrx_word' id='word_1_200' title='bbox 519 2315 547 2373; x_wconf 91' lang='lat' dir='ltr'><strong>in</strong></span> <span class='ocrx_word' id='word_1_201' title='bbox 563 2316 661 2394; x_wconf 90' lang='lat' dir='ltr'><strong>quinto</strong></span> <span class='ocrx_word' id='word_1_202' title='bbox 674 2316 840 2392; x_wconf 87' lang='lat' dir='ltr'><strong>consulatu,</strong></span> <span class='ocrx_word' id='word_1_203' title='bbox 860 2333 944 2394; x_wconf 93' lang='lat' dir='ltr'><strong>quem</strong></span> <span class='ocrx_word' id='word_1_204' title='bbox 956 2315 1046 2394; x_wconf 82' lang='lat' dir='ltr'><strong>longo</strong></span> 
     </span>
    </p>

    <p class='ocr_par' dir='ltr' id='par_1_8' title="bbox 10 2399 1046 2816">
     <span class='ocr_line' id='line_1_26' title="bbox 10 2399 1046 2479; baseline -0.001 -18"><span class='ocrx_word' id='word_1_205' title='bbox 10 2400 194 2461; x_wconf 59' lang='lat' dir='ltr'><strong>*intervallo</strong></span> <span class='ocrx_word' id='word_1_206' title='bbox 212 2399 319 2459; x_wconf 88' lang='lat' dir='ltr'><strong>absens</strong></span> <span class='ocrx_word' id='word_1_207' title='bbox 335 2399 372 2460; x_wconf 96' lang='lat' dir='ltr'><strong>ob</strong></span> <span class='ocrx_word' id='word_1_208' title='bbox 386 2399 415 2459; x_wconf 93' lang='lat' dir='ltr'><strong>id</strong></span> <span class='ocrx_word' id='word_1_209' title='bbox 431 2399 525 2478; x_wconf 90' lang='lat' dir='ltr'><strong>ipsum</strong></span> <span class='ocrx_word' id='word_1_210' title='bbox 541 2408 723 2479; x_wconf 91' lang='lat' dir='ltr'><strong>susceperat.</strong></span> <span class='ocrx_word' id='word_1_211' title='bbox 754 2399 865 2460; x_wconf 89' lang='lat' dir='ltr'><strong>Deinde</strong></span> <span class='ocrx_word' id='word_1_212' title='bbox 881 2418 935 2479; x_wconf 90' lang='lat' dir='ltr'><strong>spe</strong></span> <span class='ocrx_word' id='word_1_213' title='bbox 955 2400 1046 2460; x_wconf 82' lang='lat' dir='ltr'><strong>alfini·</strong></span> 
     </span>
     <span class='ocr_line' id='line_1_27' title="bbox 35 2483 1046 2564; baseline -0.001 -18"><span class='ocrx_word' id='word_1_214' title='bbox 35 2487 105 2547; x_wconf 91' lang='lat' dir='ltr'><strong>tatis</strong></span> <span class='ocrx_word' id='word_1_215' title='bbox 126 2504 160 2547; x_wconf 90' lang='lat' dir='ltr'><strong>ac</strong></span> <span class='ocrx_word' id='word_1_216' title='bbox 175 2483 345 2544; x_wconf 91' lang='lat' dir='ltr'><strong>tribuniciae</strong></span> <span class='ocrx_word' id='word_1_217' title='bbox 360 2486 514 2564; x_wconf 90' lang='lat' dir='ltr'><strong>potestatis</strong></span> <span class='ocrx_word' id='word_1_218' title='bbox 531 2483 686 2561; x_wconf 90' lang='lat' dir='ltr'><strong>deceptum</strong></span> <span class='ocrx_word' id='word_1_219' title='bbox 700 2486 897 2564; x_wconf 91' lang='lat' dir='ltr'><strong>inopinantem</strong></span> <span class='ocrx_word' id='word_1_220' title='bbox 917 2485 1046 2546; x_wconf 90' lang='lat' dir='ltr'><strong>crimina·</strong></span> 
     </span>
     <span class='ocr_line' id='line_1_28' title="bbox 35 2567 1046 2649; baseline 0 -20"><span class='ocrx_word' id='word_1_221' title='bbox 35 2581 82 2630; x_wconf 89' lang='lat' dir='ltr'><strong>tus</strong></span> <span class='ocrx_word' id='word_1_222' title='bbox 99 2579 143 2629; x_wconf 90' lang='lat' dir='ltr'><strong>est</strong></span> <span class='ocrx_word' id='word_1_223' title='bbox 160 2568 293 2648; x_wconf 92' lang='lat' dir='ltr'><strong>pudenda</strong></span> <span class='ocrx_word' id='word_1_224' title='bbox 307 2567 529 2646; x_wconf 88' lang='lat' dir='ltr'><strong>miserandaque</strong></span> <span class='ocrx_word' id='word_1_225' title='bbox 546 2569 692 2646; x_wconf 89' lang='lat' dir='ltr'><strong>oratione,</strong></span> <span class='ocrx_word' id='word_1_226' title='bbox 710 2587 774 2628; x_wconf 88' lang='lat' dir='ltr'><strong>cum</strong></span> <span class='ocrx_word' id='word_1_227' title='bbox 789 2569 863 2629; x_wconf 89' lang='lat' dir='ltr'><strong>inter</strong></span> <span class='ocrx_word' id='word_1_228' title='bbox 876 2569 932 2629; x_wconf 91' lang='lat' dir='ltr'><strong>alia</strong></span> <span class='ocrx_word' id='word_1_229' title='bbox 948 2578 1046 2649; x_wconf 90' lang='lat' dir='ltr'><strong>patres</strong></span> 
     </span>
     <span class='ocr_line' id='line_1_29' title="bbox 37 2652 1046 2733; baseline -0.002 -19"><span class='ocrx_word' id='word_1_230' title='bbox 37 2655 223 2732; x_wconf 90' lang='lat' dir='ltr'><strong>conscriptos</strong></span> <span class='ocrx_word' id='word_1_231' title='bbox 245 2662 433 2733; x_wconf 90' lang='lat' dir='ltr'><strong>precaretur,</strong></span> <span class='ocrx_word' id='word_1_232' title='bbox 458 2655 605 2712; x_wconf 88' lang='lat' dir='ltr'><strong>mitterent</strong></span> <span class='ocrx_word' id='word_1_233' title='bbox 622 2652 743 2713; x_wconf 90' lang='lat' dir='ltr'><strong>alterum</strong></span> <span class='ocrx_word' id='word_1_234' title='bbox 760 2672 776 2713; x_wconf 92' lang='lat' dir='ltr'><strong>e</strong></span> <span class='ocrx_word' id='word_1_235' title='bbox 793 2652 976 2728; x_wconf 91' lang='lat' dir='ltr'><strong>consulibus,</strong></span> <span class='ocrx_word' id='word_1_236' title='bbox 998 2655 1046 2732; x_wconf 94' lang='lat' dir='ltr'><strong>qui</strong></span> 
     </span>
     <span class='ocr_line' id='line_1_30' title="bbox 37 2736 1046 2816; baseline -0.004 -18"><span class='ocrx_word' id='word_1_237' title='bbox 37 2758 70 2798; x_wconf 92' lang='lat' dir='ltr'><strong>se</strong></span> <span class='ocrx_word' id='word_1_238' title='bbox 90 2756 190 2798; x_wconf 88' lang='lat' dir='ltr'><strong>senem</strong></span> <span class='ocrx_word' id='word_1_239' title='bbox 213 2746 241 2797; x_wconf 90' lang='lat' dir='ltr'><strong>et</strong></span> <span class='ocrx_word' id='word_1_240' title='bbox 263 2737 356 2797; x_wconf 92' lang='lat' dir='ltr'><strong>solum</strong></span> <span class='ocrx_word' id='word_1_241' title='bbox 371 2739 399 2797; x_wconf 93' lang='lat' dir='ltr'><strong>in</strong></span> <span class='ocrx_word' id='word_1_242' title='bbox 416 2745 604 2816; x_wconf 90' lang='lat' dir='ltr'><strong>conspectum</strong></span> <span class='ocrx_word' id='word_1_243' title='bbox 622 2754 721 2797; x_wconf 91' lang='lat' dir='ltr'><strong>eorum</strong></span> <span class='ocrx_word' id='word_1_244' title='bbox 738 2755 801 2798; x_wconf 92' lang='lat' dir='ltr'><strong>cum</strong></span> <span class='ocrx_word' id='word_1_245' title='bbox 816 2738 913 2816; x_wconf 91' lang='lat' dir='ltr'><strong>aliquo</strong></span> <span class='ocrx_word' id='word_1_246' title='bbox 931 2736 1046 2796; x_wconf 90' lang='lat' dir='ltr'><strong>militari</strong></span> 
     </span>
    </p>

    <p class='ocr_par' dir='ltr' id='par_1_9' title="bbox 10 2821 1046 3237">
     <span class='ocr_line' id='line_1_31' title="bbox 10 2821 1045 2903; baseline -0.005 -20"><span class='ocrx_word' id='word_1_247' title='bbox 10 2822 187 2903; x_wconf 80' lang='lat' dir='ltr'><strong>npraesidio</strong></span> <span class='ocrx_word' id='word_1_248' title='bbox 202 2821 387 2901; x_wconf 90' lang='lat' dir='ltr'><strong>perduceret.</strong></span> <span class='ocrx_word' id='word_1_249' title='bbox 417 2822 467 2882; x_wconf 86' lang='lat' dir='ltr'><strong>Sic</strong></span> <span class='ocrx_word' id='word_1_250' title='bbox 483 2838 599 2900; x_wconf 91' lang='lat' dir='ltr'><strong>quoque</strong></span> <span class='ocrx_word' id='word_1_251' title='bbox 619 2821 752 2881; x_wconf 86' lang='lat' dir='ltr'><strong>diffidens</strong></span> <span class='ocrx_word' id='word_1_252' title='bbox 768 2821 972 2900; x_wconf 88' lang='lat' dir='ltr'><strong>tumultumque</strong></span> <span class='ocrx_word' id='word_1_253' title='bbox 987 2837 1045 2879; x_wconf 92' lang='lat' dir='ltr'><strong>me·</strong></span> 
     </span>
     <span class='ocr_line' id='line_1_32' title="bbox 39 2905 1045 2986; baseline -0.004 -20"><span class='ocrx_word' id='word_1_254' title='bbox 39 2917 138 2984; x_wconf 88' lang='lat' dir='ltr'><strong>tuens,</strong></span> <span class='ocrx_word' id='word_1_255' title='bbox 159 2906 283 2966; x_wconf 89' lang='lat' dir='ltr'><strong>Drusum</strong></span> <span class='ocrx_word' id='word_1_256' title='bbox 303 2915 455 2986; x_wconf 89' lang='lat' dir='ltr'><strong>nepotem,</strong></span> <span class='ocrx_word' id='word_1_257' title='bbox 479 2923 563 2984; x_wconf 92' lang='lat' dir='ltr'><strong>quem</strong></span> <span class='ocrx_word' id='word_1_258' title='bbox 585 2906 709 2965; x_wconf 86' lang='lat' dir='ltr'><strong>uinculis</strong></span> <span class='ocrx_word' id='word_1_259' title='bbox 729 2905 822 2966; x_wconf 92' lang='lat' dir='ltr'><strong>adbuc</strong></span> <span class='ocrx_word' id='word_1_260' title='bbox 841 2906 951 2965; x_wconf 88' lang='lat' dir='ltr'><strong>Romae</strong></span> <span class='ocrx_word' id='word_1_261' title='bbox 976 2920 1045 2963; x_wconf 91' lang='lat' dir='ltr'><strong>con·</strong></span> 
     </span>
     <span class='ocr_line' id='line_1_33' title="bbox 39 2989 1045 3070; baseline -0.005 -19"><span class='ocrx_word' id='word_1_262' title='bbox 39 2991 160 3068; x_wconf 89' lang='lat' dir='ltr'><strong>tinebat,</strong></span> <span class='ocrx_word' id='word_1_263' title='bbox 177 2991 261 3069; x_wconf 90' lang='lat' dir='ltr'><strong>solvi,</strong></span> <span class='ocrx_word' id='word_1_264' title='bbox 277 2992 301 3050; x_wconf 91' lang='lat' dir='ltr'><strong>si</strong></span> <span class='ocrx_word' id='word_1_265' title='bbox 319 3009 368 3050; x_wconf 93' lang='lat' dir='ltr'><strong>res</strong></span> <span class='ocrx_word' id='word_1_266' title='bbox 384 2999 539 3070; x_wconf 91' lang='lat' dir='ltr'><strong>posceret,</strong></span> <span class='ocrx_word' id='word_1_267' title='bbox 560 2989 720 3069; x_wconf 92' lang='lat' dir='ltr'><strong>ducemque</strong></span> <span class='ocrx_word' id='word_1_268' title='bbox 737 2990 870 3050; x_wconf 89' lang='lat' dir='ltr'><strong>constitui</strong></span> <span class='ocrx_word' id='word_1_269' title='bbox 884 3004 1045 3068; x_wconf 90' lang='lat' dir='ltr'><strong>praecepe-</strong></span> 
     </span>
     <span class='ocr_line' id='line_1_34' title="bbox 38 3070 1046 3154; baseline -0.004 -19"><span class='ocrx_word' id='word_1_270' title='bbox 38 3084 90 3135; x_wconf 89' lang='lat' dir='ltr'><strong>rat.</strong></span> <span class='ocrx_word' id='word_1_271' title='bbox 123 3074 239 3154; x_wconf 80' lang='lat' dir='ltr'><strong>Aptatis</strong></span> <span class='ocrx_word' id='word_1_272' title='bbox 261 3075 345 3134; x_wconf 89' lang='lat' dir='ltr'><strong>etiam</strong></span> <span class='ocrx_word' id='word_1_273' title='bbox 365 3073 486 3135; x_wconf 90' lang='lat' dir='ltr'><strong>navibus</strong></span> <span class='ocrx_word' id='word_1_274' title='bbox 508 3074 543 3134; x_wconf 90' lang='lat' dir='ltr'><strong>ad</strong></span> <span class='ocrx_word' id='word_1_275' title='bbox 566 3092 760 3154; x_wconf 89' lang='lat' dir='ltr'><strong>quascumque</strong></span> <span class='ocrx_word' id='word_1_276' title='bbox 777 3074 911 3150; x_wconf 82' lang='lat' dir='ltr'><strong>legiones</strong></span> <span class='ocrx_word' id='word_1_277' title='bbox 927 3070 1046 3131; x_wconf 89' lang='lat' dir='ltr'><strong>medita·</strong></span> 
     </span>
     <span class='ocr_line' id='line_1_35' title="bbox 38 3155 1045 3237; baseline -0.006 -18"><span class='ocrx_word' id='word_1_278' title='bbox 38 3158 121 3219; x_wconf 91' lang='lat' dir='ltr'><strong>batur</strong></span> <span class='ocrx_word' id='word_1_279' title='bbox 141 3159 257 3236; x_wconf 87' lang='lat' dir='ltr'><strong>lugam,</strong></span> <span class='ocrx_word' id='word_1_280' title='bbox 280 3157 516 3237; x_wconf 90' lang='lat' dir='ltr'><strong>speculabundus</strong></span> <span class='ocrx_word' id='word_1_281' title='bbox 539 3177 576 3216; x_wconf 84' lang='lat' dir='ltr'><strong>ex</strong></span> <span class='ocrx_word' id='word_1_282' title='bbox 593 3158 732 3218; x_wconf 87' lang='lat' dir='ltr'><strong>altissima</strong></span> <span class='ocrx_word' id='word_1_283' title='bbox 748 3175 820 3237; x_wconf 89' lang='lat' dir='ltr'><strong>rupe</strong></span> <span class='ocrx_word' id='word_1_284' title='bbox 838 3155 993 3216; x_wconf 87' lang='lat' dir='ltr'><strong>identidem</strong></span> <span class='ocrx_word' id='word_1_285' title='bbox 1009 3155 1045 3214; x_wconf 90' lang='lat' dir='ltr'><strong>si·</strong></span> 
     </span>
    </p>

    <p class='ocr_par' dir='ltr' id='par_1_10' title="bbox 10 3204 1045 3322">
     <span class='ocr_line' id='line_1_36' title="bbox 10 3204 1045 3322; baseline -0.006 -18"><span class='ocrx_word' id='word_1_286' title='bbox 10 3204 112 3321; x_wconf 53' lang='lat' dir='ltr'><strong>dgna,</strong></span> <span class='ocrx_word' id='word_1_287' title='bbox 138 3261 225 3322; x_wconf 87' lang='lat' dir='ltr'><strong>quae,</strong></span> <span class='ocrx_word' id='word_1_288' title='bbox 248 3261 285 3302; x_wconf 88' lang='lat' dir='ltr'><strong>ne</strong></span> <span class='ocrx_word' id='word_1_289' title='bbox 308 3243 397 3302; x_wconf 90' lang='lat' dir='ltr'><strong>nuntii</strong></span> <span class='ocrx_word' id='word_1_290' title='bbox 421 3250 614 3320; x_wconf 88' lang='lat' dir='ltr'><strong>morarentur,</strong></span> <span class='ocrx_word' id='word_1_291' title='bbox 644 3243 707 3302; x_wconf 91' lang='lat' dir='ltr'><strong>tolli</strong></span> <span class='ocrx_word' id='word_1_292' title='bbox 725 3240 845 3321; x_wconf 91' lang='lat' dir='ltr'><strong>procul,</strong></span> <span class='ocrx_word' id='word_1_293' title='bbox 867 3248 897 3299; x_wconf 89' lang='lat' dir='ltr'><strong>ut</strong></span> <span class='ocrx_word' id='word_1_294' title='bbox 919 3237 1045 3318; x_wconf 92' lang='lat' dir='ltr'><strong>quidque</strong></span> 
     </span>
    </p>

    <p class='ocr_par' dir='ltr' id='par_1_11' title="bbox 10 3324 1045 3405">
     <span class='ocr_line' id='line_1_37' title="bbox 10 3324 1045 3405; baseline -0.003 -19"><span class='ocrx_word' id='word_1_295' title='bbox 10 3332 17 3366; x_wconf 67' lang='grc' dir='ltr'><strong>ἵ*</strong></span> <span class='ocrx_word' id='word_1_296' title='bbox 37 3327 146 3388; x_wconf 88' lang='lat' dir='ltr'><strong>iactum</strong></span> <span class='ocrx_word' id='word_1_297' title='bbox 169 3327 262 3405; x_wconf 87' lang='lat' dir='ltr'><strong>foret,</strong></span> <span class='ocrx_word' id='word_1_298' title='bbox 280 3327 476 3387; x_wconf 84' lang='lat' dir='ltr'><strong>mandaverat.</strong></span> <span class='ocrx_word' id='word_1_299' title='bbox 514 3328 623 3387; x_wconf 83' lang='lat' dir='ltr'><strong>Verum</strong></span> <span class='ocrx_word' id='word_1_300' title='bbox 639 3335 668 3386; x_wconf 92' lang='lat' dir='ltr'><strong>et</strong></span> <span class='ocrx_word' id='word_1_301' title='bbox 686 3343 829 3405; x_wconf 89' lang='lat' dir='ltr'><strong>oppressa</strong></span> <span class='ocrx_word' id='word_1_302' title='bbox 847 3324 1045 3384; x_wconf 90' lang='lat' dir='ltr'><strong>coniuratione</strong></span> 
     </span>
    </p>

    <p class='ocr_par' dir='ltr' id='par_1_12' title="bbox 10 3410 1047 3488">
     <span class='ocr_line' id='line_1_38' title="bbox 10 3410 1047 3488; baseline -0.004 -17"><span class='ocrx_word' id='word_1_303' title='bbox 10 3413 135 3472; x_wconf 86' lang='lat' dir='ltr'><strong>&#39;Seiani</strong></span> <span class='ocrx_word' id='word_1_304' title='bbox 157 3411 245 3471; x_wconf 91' lang='lat' dir='ltr'><strong>nihilo</strong></span> <span class='ocrx_word' id='word_1_305' title='bbox 271 3412 403 3472; x_wconf 91' lang='lat' dir='ltr'><strong>securior</strong></span> <span class='ocrx_word' id='word_1_306' title='bbox 423 3419 470 3471; x_wconf 92' lang='lat' dir='ltr'><strong>aut</strong></span> <span class='ocrx_word' id='word_1_307' title='bbox 491 3411 686 3486; x_wconf 88' lang='lat' dir='ltr'><strong>constantior,</strong></span> <span class='ocrx_word' id='word_1_308' title='bbox 710 3425 881 3488; x_wconf 85' lang='lat' dir='ltr'><strong>pernovem</strong></span> <span class='ocrx_word' id='word_1_309' title='bbox 896 3410 1047 3487; x_wconf 88' lang='lat' dir='ltr'><strong>proximos</strong></span> 
     </span>
    </p>
   </div>
   <div class='ocr_carea' id='block_1_3' title="bbox 10 3484 920 3639">
    <p class='ocr_par' dir='ltr' id='par_1_13' title="bbox 10 3484 920 3639">
     <span class='ocr_line' id='line_1_39' title="bbox 10 3484 920 3574; baseline -0.005 -18"><span class='ocrx_word' id='word_1_310' title='bbox 10 3484 155 3556; x_wconf 61' lang='lat' dir='ltr'><strong>imenses</strong></span> <span class='ocrx_word' id='word_1_311' title='bbox 177 3512 234 3554; x_wconf 92' lang='lat' dir='ltr'><strong>non</strong></span> <span class='ocrx_word' id='word_1_312' title='bbox 253 3514 392 3574; x_wconf 87' lang='lat' dir='ltr'><strong>egressus</strong></span> <span class='ocrx_word' id='word_1_313' title='bbox 407 3502 453 3554; x_wconf 87' lang='lat' dir='ltr'><strong>est</strong></span> <span class='ocrx_word' id='word_1_314' title='bbox 470 3493 554 3571; x_wconf 89' lang='lat' dir='ltr'><strong>villa,</strong></span> <span class='ocrx_word' id='word_1_315' title='bbox 571 3513 644 3572; x_wconf 88' lang='lat' dir='ltr'><strong>quae</strong></span> <span class='ocrx_word' id='word_1_316' title='bbox 660 3501 781 3554; x_wconf 86' lang='lat' dir='ltr'><strong>vocatur</strong></span> <span class='ocrx_word' id='word_1_317' title='bbox 796 3493 886 3554; x_wconf 91' lang='lat' dir='ltr'><strong>lovis.</strong></span> <span class='ocrx_word' id='word_1_318' title='bbox 918 3547 920 3551; x_wconf 89' lang='lat'><strong>.</strong></span> 
     </span>
     <span class='ocr_line' id='line_1_40' title="bbox 82 3577 890 3639; baseline -0.015 0"><span class='ocrx_word' id='word_1_319' title='bbox 82 3599 238 3639; x_wconf 78' lang='lat' dir='ltr'><strong>suuroums.</strong></span> <span class='ocrx_word' id='word_1_320' title='bbox 872 3577 890 3638; x_wconf 85' lang='lat'><em>8</em></span> 
     </span>
    </p>
   </div>
   <div class='ocr_carea' id='block_1_4' title="bbox 0 0 1137 3930">
    <p class='ocr_par' dir='ltr' id='par_1_14' title="bbox 0 0 1137 3930">
     <span class='ocr_line' id='line_1_41' title="bbox 0 0 1137 3930; baseline 0 0"><span class='ocrx_word' id='word_1_321' title='bbox 0 0 1137 3930; x_wconf 95' lang='lat' dir='ltr'><strong> </strong></span> 
     </span>
    </p>
   </div>
  </div>
 </body>
</html>
