2256 3930
80 255 140 316 104
160 264 191 313 c.
210 264 361 313 susuour
377 264 504 324 ramo.
520 265 568 313 nn
582 266 666 313 vena
681 265 866 317 cansam
879 270 956 320 nun.
970 272 1026 322 nr.

78 421 269 502 provinciam,
286 418 369 478 alteri
384 420 599 498 praefecturam
613 419 694 480 urbis
707 421 861 482 confestim
875 423 996 503 detulit,
1015 407 1085 487 cod·

79 506 154 566 cillis
177 521 293 584 quoque
314 503 536 563 iucundissimos
558 513 587 563 et
605 505 729 564 omnium
742 504 878 566 horarum
894 509 1014 571 amicos
1028 527 1084 589 pro

77 592 184 651 lessus
216 589 312 647 Sestio
328 585 431 664 Gallo,
455 586 611 648 libidinoso
635 606 671 647 ac
698 588 824 667 prodigo
851 592 934 669 seni,
965 593 1083 654 olimab

75 673 240 751 Augusto
231 673 388 749 ignominia
409 680 509 731 notato
530 681 559 730 ct
576 690 592 731 a
607 690 639 731 se
655 681 721 731 ante
739 691 850 752 paucos
865 674 933 735 dies
951 677 1033 756 apud
1046 697 1082 738 se

75 768 170 818 natum
184 757 338 834 increpito,
354 772 473 815 caenam
485 773 520 815 ea
533 755 601 832 lege
618 755 755 832 condixit,
771 775 807 817 ne
824 758 949 837 quidex
967 778 1091 822 consuet

74 842 172 902 tudine
194 842 354 900 immutaret
371 849 418 899 aut
432 839 561 899 demeret
569 848 688 917 ,utque
703 839 788 899 nudis
801 842 911 920 puellis
927 845 1081 906 ministrar-

74 927 149 987 tibus
163 934 343 985 coenaretur.
359 923 573 1001 lgnotissimum
583 932 756 1023 quaesturae
770 924 957 987 candidatum
972 928 1080 989 nobilis

74 1013 153 1071 simis
174 1010 339 1087 anteposuit
355 1007 393 1067 ob
410 1017 525 1087 epotam
542 1010 570 1066 in
587 1009 737 1085 convivio,
762 1010 941 1088 propinante
958 1030 1014 1090 se,
1037 1014 1079 1072 riui

74 1093 252 1173 amphoram.
297 1091 412 1152 Asellio
439 1091 547 1151 Sabino
574 1093 711 1151 sestertia
737 1091 860 1153 ducenta
885 1093 1015 1157 donavit
1039 1112 1108 1176 pro
1101 1126 1109 1187 p

74 1179 213 1255 dialogo,
238 1176 266 1234 in
289 1193 346 1255 quo
362 1175 454 1235 boleti
468 1185 496 1235 et
508 1174 650 1235 ficedulae
665 1184 695 1234 et
712 1184 829 1236 ostreae
845 1186 875 1236 et
897 1179 979 1239 turdi
1001 1189 1120 1249 certaret

73 1281 139 1322 men
155 1261 316 1321 induxerat.
346 1259 460 1320 Novum
475 1259 598 1338 denique
613 1259 764 1319 cilicium
755 1262 878 1321 instituit
897 1280 915 1322 a
930 1263 1104 1345 voluptati
1094 1262 1109 1313 i

30 1344 328 1424 43bus,praeposito
345 1344 492 1422 equiteR
507 1343 540 1403 T
560 1342 704 1404 Caesonio
720 1343 832 1405 Prisco
867 1346 1076 1408 Secessuvsrt

76 1429 237 1509 Capreensi
258 1429 343 1486 etiarn
365 1427 482 1487 sellaria
503 1429 698 1505 excogitavit,
721 1427 819 1488 sedem
834 1447 1014 1492 arcanarum
1028 1431 1076 1492 libi

75 1515 185 1586 diuum,
207 1513 235 1571 in
252 1529 336 1589 quam
351 1510 475 1590 undique
489 1513 661 1590 conquisiti,
676 1511 836 1591 puellarum
851 1521 882 1573 et
899 1515 1077 1576 exoletornn

74 1614 187 1676 greges
206 1597 420 1672 monstrosique
443 1595 613 1656 concubitus
634 1605 819 1676 repertores,
848 1614 927 1676 quos
952 1601 1078 1679 spintrias

75 1678 258 1760 appellabat,
281 1679 387 1757 triplici
403 1681 479 1740 scrie
496 1681 616 1756 conexi,
640 1681 669 1738 in
683 1681 777 1739 vicem
789 1681 976 1743 incestarent
993 1699 1078 1743 curan

75 1767 158 1843 ipso,
175 1772 204 1822 ut
219 1772 340 1841 aspectu
352 1762 513 1822 deficientis
529 1725 665 1823 libidines
678 1765 831 1824 excitaret
861 1763 1011 1827 Cubicula
1028 1767 1077 1846 plu

73 1848 201 1907 riiariam
223 1846 366 1925 disposita
383 1846 499 1906 tabellis
514 1864 550 1906 ac
564 1848 669 1924 sigillis
686 1847 946 1908 lasciuissimarum
962 1852 1078 1930 pictura

72 1950 134 1991 rum
155 1940 185 1990 et
208 1931 362 2007 ligurarum
380 1930 531 1990 adornavit
551 1931 692 2010 librisque
712 1931 916 2010 Elephantidis
939 1934 1079 2010 instruxit

72 2035 110 2076 ne
126 2017 170 2074 cui
183 2017 211 2073 in
228 2032 318 2092 opera
335 2014 446 2074 edenda
460 2015 611 2093 exemplar
625 2017 782 2094 imperatae
798 2014 940 2076 schemae
957 2018 1079 2078 deesset

71 2099 105 2160 In
127 2099 209 2158 silvis
232 2117 348 2178 quoque
371 2116 406 2157 ac
430 2098 596 2158 nemoribus
615 2101 723 2178 passim
739 2099 885 2160 Venerios
902 2098 994 2162 locos
1012 2120 1079 2162 com

72 2193 184 2243 menius
201 2192 245 2242 est
252 2184 495 2261 ,prostantisque
512 2201 565 2260 per
578 2193 658 2242 antra
673 2193 702 2242 ct
719 2201 805 2243 cavas
819 2201 910 2261 rupes
928 2203 969 2245 ex
983 2189 1080 2246 utrius

74 2286 130 2346 que
162 2285 250 2326 sexus
274 2267 351 2346 pube
377 2265 564 2325 Paniscorum
588 2276 616 2325 et
637 2266 832 2345 Nympharum
858 2266 980 2346 habitu,
1014 2287 1080 2349 quae

74 2351 191 2429 palam
183 2369 237 2409 ram
251 2360 279 2409 ct
294 2350 400 2426 vulgo,
417 2351 531 2409 nomine
543 2350 653 2410 insulae
669 2350 837 2427 abutentes,
857 2348 1080 2429 Caprincun

74 2434 249 2494 dictitabant

30 2516 66 2571 44
135 2516 245 2575 Maiore
261 2515 352 2575 adhuc
369 2535 404 2576 ac
418 2518 573 2596 turpiorc'
565 2537 593 2576 ιιι
595 2517 679 2578 famia
694 2518 844 2596 flagravit,
866 2519 918 2577 vix
934 2529 966 2578 ut
981 2520 1079 2581 referri

74 2600 222 2675 audirive,
243 2599 345 2658 nedum
371 2600 449 2659 credi
471 2600 515 2660 ias
537 2603 588 2677 sit,
612 2603 694 2680 qnasi
716 2619 826 2679 pueros
847 2619 963 2681 prunae
979 2606 1100 2665 teneri.

74 2685 194 2760 tudinis,
217 2701 289 2762 quos
314 2685 473 2762 pisciculos
491 2685 632 2762 vocabat,
654 2687 833 2762 institueret,
855 2694 887 2745 ut
901 2691 1017 2747 natanti
1033 2688 1078 2748 sibi

74 2773 149 2831 inter
164 2770 268 2828 semina
283 2778 469 2828 versarentur
483 2787 518 2828 ac
533 2769 673 2845 luderent,
686 2769 785 2846 lingua
799 2786 961 2849 morsuque
978 2774 1078 2833 sensiu

73 2855 259 2934 adpetentem
287 2862 372 2930 atque
399 2856 485 2912 etiam
513 2854 593 2932 quasi
619 2852 744 2912 infantes
768 2854 933 2931 firmiores,
962 2857 1078 2917 necduu
1107 2872 1120 2916 u

74 2950 168 3001 tamen
186 2937 263 2997 lactc
282 2936 438 3014 depulsos,
462 2939 569 3014 inguini
586 2955 640 2996 ceu
656 2937 783 3016 papillae
803 2937 996 3009 admoveret3
1019 2958 1076 3020 pro·

73 3028 137 3086 nior
160 3041 229 3082 sane
254 3022 288 3081 ad
312 3021 339 3080 id
360 3039 454 3098 genus
474 3021 599 3079 libidinis
623 3030 652 3079 et
674 3029 773 3081 natura
794 3032 823 3081 et
844 3030 954 3081 aetate.
988 3025 1075 3099 Quare

72 3109 187 3171 Parrasi
203 3124 319 3185 quoquc
335 3105 475 3180 tabulam,
492 3106 520 3163 in
537 3123 592 3182 qua
607 3104 759 3182 Meleagro
775 3104 911 3165 Atalanta
927 3123 982 3166 ore
1000 3109 1091 3183 mori-l

73 3201 208 3272 geratur,
224 3191 351 3268 legatam
366 3189 420 3248 sibi
435 3188 487 3247 sub
505 3187 688 3265 conditione,
710 3197 739 3247 ut
757 3190 781 3247 si
798 3199 974 3266 argumento
996 3193 1073 3252 olien·

75 3280 190 3338 deretur
202 3276 302 3335 decies
315 3291 369 3353 pro
383 3293 417 3333 ea
430 3274 758 3351 sestertiumacciperet,
767 3291 823 3331 non
834 3272 922 3332 modo
934 3276 1074 3352 praetulit,
1107 3288 1120 3332 ι

75 3361 128 3421 sed
155 3370 184 3420 et
204 3362 231 3419 in
256 3358 390 3419 cubiculo
417 3357 569 3416 dedicavit.
603 3356 706 3416 Fertur
729 3359 814 3415 etiarn
835 3358 863 3415 in
885 3359 1073 3419 sacrificando

76 3445 217 3523 quondam
236 3453 337 3521 captus
354 3443 428 3502 facie
446 3442 564 3499 ministri
583 3459 711 3499 acerram
729 3441 925 3518 praeferentis
945 3445 1074 3522 nequisse

75 3529 238 3606 abstinere,
258 3529 324 3606 quin
341 3545 433 3605 paene
451 3523 565 3583 vixdum
583 3543 615 3582 re
629 3524 722 3583 divina
734 3532 854 3603 peracta
865 3523 977 3584 ibidem
991 3529 1074 3587 statiu
