2286 3944
137 216 414 268 nuruaurronum
436 216 617 266 uraaouum
643 218 842 278 aanrouma.
931 205 990 268 301

10 377 111 456 ropius
134 386 241 434 causas
258 372 399 432 liburnica
421 373 651 450 praetendisset,
688 391 743 431 nec
773 373 993 432 adversantibus

10 460 84 523 cutis
103 475 235 518 remeare
248 465 365 534 posset,
381 456 409 514 vi
426 455 555 533 pulveris
568 474 603 514 ac
617 456 735 515 favillae
755 474 916 534 oppressus
937 465 992 533 est,

10 543 39 605 el
50 541 202 622 utquidam
215 541 401 599 existimante
414 556 501 599 servo
517 556 570 599 suo
586 541 712 615 occisus,
730 558 814 617 quem
829 540 992 600 aestudeli-

10 626 73 691 tens
89 635 120 685 ut
133 642 237 684 necem
247 623 302 682 sibi
313 631 470 683 maturaret
486 633 629 682 oraverat.
661 621 713 682 lic
730 621 993 684 librisNutnrclic

10 708 142 779 mortue
156 707 250 768 Pttntt
264 706 354 768 Suco.
378 703 556 766 Xl—XV.
577 753 583 766 .
604 753 610 766 .
634 706 679 765 De
695 707 752 766 lroc
773 707 865 766 refert
888 708 993 767 Sueto·

10 792 55 855 lua
71 791 253 870 Tranquillus
278 792 355 870 quod
370 791 456 851 valde
468 791 584 850 miratur
598 792 689 849 virum
704 790 873 850 militaribus
889 790 994 850 ciliciis

10 877 119 941 editum
134 885 210 935 tauta
226 892 402 953 componere
419 875 550 952 potuisse
566 875 650 934 etiam
667 876 779 933 ratione
796 876 888 942 vitae;
920 893 993 949 nam,

11 961 106 1023 idicit
120 959 195 1020 idem
210 959 364 1019 Suetonius
381 959 409 1017 in
421 959 496 1018 libro
512 958 548 1017 de
562 958 640 1016 Viris
653 958 822 1034 illustribus,
839 959 904 1017 dum
920 958 996 1017 idem

10 1042 100 1105 'liuius
115 1043 249 1120 legiones
264 1045 292 1100 in
308 1042 435 1102 Siciliam
450 1043 588 1118 duceret,
608 1043 760 1120 eruptione
776 1042 938 1102 favillarum
959 1041 995 1101 ab

10 1136 87 1188 tctua
101 1127 288 1186 eructantium
307 1127 492 1204 praefocatus
515 1125 621 1185 interiit
635 1142 708 1184 anno
723 1128 801 1185 vitae
823 1144 893 1185 suae
916 1125 995 1203 quin·

10 1210 164 1291 [nogesimo
186 1219 271 1269 sexto
295 1220 323 1269 et
344 1211 372 1268 in
392 1211 490 1269 Sicilia
508 1209 668 1268 tumulatur.
707 1207 819 1269 Brevis
835 1209 996 1270 adnotatio

10 1292 35 1355 le
50 1292 172 1355 duobus
187 1291 295 1353 Pliniis
367 1294 497 1354 collecto
515 1311 572 1370 per
588 1290 735 1353 loannem
748 1293 997 1356 Mucsionaricm

10 1376 200 1439 'aucensem
214 1379 313 1457 (actuo
327 1377 450 1438 circiter
464 1374 550 1457 1318)
572 1377 659 1455 apud
673 1377 876 1438 Rcuuonicum
893 1386 908 1438 1
923 1397 957 1456 p.
968 1385 995 1436 7.

63 1462 110 1512 His
134 1461 254 1511 librorum
278 1462 314 1511 de
342 1462 435 1512 Viris
460 1462 653 1511 illustribus
676 1463 789 1527 reliquiis
806 1463 880 1513 certis
904 1463 997 1512 addere

10 1544 123 1595 amquam
139 1544 185 1596 per
203 1538 314 1579 saturam
330 1530 390 1580 libet
410 1530 546 1595 particulas
568 1530 662 1593 aliquot
680 1529 810 1593 Chronici,
832 1546 895 1596 quas
914 1538 999 1581 utrum

10 1599 117 1650 bistonio
136 1613 168 1647 an
187 1599 231 1648 alii
250 1599 335 1663 potius
353 1598 469 1664 scriptori
487 1599 579 1648 debere
590 1598 760 1663 Hieronymus
773 1600 895 1650 dicendus
914 1601 946 1650 sit
959 1599 999 1649 di·

10 1682 69 1718 erse
82 1667 164 1716 doctis
175 1667 258 1716 visum
271 1675 317 1716 est.

58 1732 191 1810 Nigidius
205 1733 340 1813 Figulus,
358 1733 567 1809 Pythagoricus
582 1744 611 1794 et
625 1753 743 1812 magus,
765 1737 792 1795 in
808 1737 897 1796 exilio
913 1735 998 1795 mori·

10 1837 43 1879 ur
58 1835 90 1878 a.
107 1824 247 1877 719710.
810 1863 813 1867 .

59 1901 181 1961 Servius
196 1899 341 1979 Sulpicius
355 1901 425 1958 iuris
441 1901 590 1960 consultus
607 1911 635 1961 et
651 1902 681 1964 P.
698 1902 839 1961 Servilius
854 1901 999 1961 Isauricus

10 1983 118 2046 tublico
133 1983 235 2043 iuuere
254 1985 323 2044 elati
338 2001 368 2044 c.
386 1992 451 2046 710.

58 2067 193 2127 Artorius
218 2068 347 2127 medicus
365 2066 488 2144 Augusti
505 2077 570 2146 post
586 2068 734 2127 Actiacam
756 2068 906 2127 victoriam
931 2086 998 2126 nau·

10 2153 93 2230 'ragio
112 2152 189 2230 perit
203 2168 232 2211 c.
252 2159 319 2211 725.
337 2158 406 2212 726.

60 2234 220 2294 Anaxilaus
242 2234 428 2313 Larissaeus,
449 2235 659 2312 Pythagoricus
683 2245 712 2295 et
733 2252 851 2312 magus,
882 2234 918 2294 ab
942 2234 999 2294 Au-

10 2328 87 2399 gusto
108 2317 180 2378 urbe
195 2317 335 2396 Italiaque
352 2318 470 2396 pellitur
485 2338 514 2379 u.
534 2328 601 2380 728.

61 2401 189 2477 Pylades
213 2399 304 2477 Cilix,
326 2403 530 2478 pantomimus,
562 2422 626 2462 cum
647 2411 766 2462 veteres
786 2403 843 2481 ipsi
865 2413 1002 2463 canerent

10 2496 87 2565 rique
104 2485 259 2560 saltarent,
276 2486 384 2563 primus
401 2485 510 2545 Romae
527 2486 644 2546 eborum
660 2496 689 2546 et
704 2486 826 2546 fistulam
842 2487 897 2547 sibi
918 2505 1001 2566 prae·

10 2571 100 2632 :inere
115 2567 185 2628 iecit
199 2585 229 2629 a.
245 2577 310 2628 732.
328 2577 391 2630 733.

62 2653 183 2713 Servius
204 2652 329 2713 Plautius
352 2653 411 2732 [al.
436 2654 569 2732 Plautus]
601 2656 729 2733 corrupti
750 2655 800 2714 lilii
824 2673 892 2714 reus
911 2664 1003 2712 semet

10 2735 150 2797 'niudicio
166 2736 299 2796 interficit
315 2753 344 2796 u.
363 2745 428 2796 777.

62 2819 160 2879 lunius
176 2817 285 2897 Gallie,
302 2819 393 2879 frater
408 2822 554 2898 Senecae,
578 2823 716 2898 egregius
740 2822 918 2881 declamator
935 2839 1001 2899 pro·

10 2905 64 2984 pria
81 2921 114 2962 se
135 2921 217 2962 manu
236 2904 381 2963 interfecit
397 2922 427 2963 u.
446 2913 513 2964 817.
529 2913 595 2965 818.

63 2985 96 3046 L.
118 2985 255 3046 Annaeus
277 2987 408 3062 Seneca,
430 2986 644 3064 Cordubensis,
671 2996 854 3067 praeceptor
880 2985 1004 3048 Neronis

10 3079 33 3132 et
48 3079 167 3150 patruus
182 3069 289 3130 Lucani
307 3080 413 3150 poetae
426 3073 567 3131 incisione
582 3091 719 3132 uenarum
733 3080 762 3130 et
773 3087 887 3129 veneno
901 3070 1004 3131 hausto

10 3154 90 3234 periit
115 3171 145 3214 u.
173 3161 302 3214 818...
323 3156 405 3214 Sotio
441 3155 632 3233 philosophus
658 3153 887 3231 Alexandrinus,
921 3173 1005 3233 prae·

10 3246 109 3317 ceptor
123 3237 272 3314 Senecae,
289 3238 384 3298 clarus
407 3238 528 3299 habetur
543 3255 573 3299 u.
592 3247 660 3299 785.
678 3247 744 3300 786.
878 3292 881 3303 .

66 3319 98 3384 L.
116 3323 252 3381 Annaeus
267 3321 375 3397 lllelas,
392 3323 524 3383 Senecae
543 3323 634 3382 frater
650 3331 679 3382 et
695 3321 847 3398 Gallionis,
863 3322 939 3384 bona
953 3323 1005 3384 Lu·

10 3406 68 3465 cani
84 3413 190 3483 poetae
206 3404 255 3464 lilii
271 3407 314 3464 sui
330 3425 346 3465 a
361 3404 476 3466 Nerone
492 3414 675 3485 promeretur
691 3423 720 3465 a.
739 3412 804 3466 821.
821 3413 888 3467 822.

69 3487 152 3549 Titus
166 3487 326 3548 Musonium
343 3488 447 3549 Rufum
459 3490 496 3550 de
512 3491 601 3550 exilio
618 3499 737 3551 revocat
753 3506 781 3550 a.
800 3497 864 3552 883.
