2286 3944
120 207 183 268 200
204 218 235 267 c.
251 217 401 266 suarum
418 217 546 276 anano.
564 216 612 264 ns
627 216 710 264 vrrs
724 215 914 265 chasanum
929 218 1001 266 urs.
1018 216 1074 265 vn.

120 374 216 434 miliae
228 372 356 432 breuiter
368 372 513 448 attingam.
551 371 607 445 Qui
622 373 730 450 primns
742 371 940 448 Sulpiciorum
953 388 1107 448 cognomen
1142 337 1143 376 ³

122 456 231 519 Galbae
242 455 305 514 tulit
316 472 367 513 cnr
379 464 427 513 aut
439 454 513 513 unde
525 457 655 530 traxerit,
669 454 831 531 ambigitur.
867 454 993 529 Quidam
1011 463 1107 532 putant,
1142 529 1143 533 Ἰ

121 539 200 620 qnod
211 538 349 617 oppidum
357 538 513 616 Hispaniae
524 537 630 598 frustra
642 538 689 597 diu
701 537 1107 616 oppugnatuminlitisdemun
1142 605 1143 612 χ

120 623 247 702 galbano
259 621 373 682 facibus
385 620 583 690 succenderit;
595 621 661 698 alii,
675 621 753 701 qnod
764 623 793 681 in
810 621 944 682 diuturna
962 622 1108 682 valitudine

120 707 246 786 galbeo,
259 704 289 764 id
300 715 345 765 est
356 705 492 765 remediis
502 704 567 764 lana
581 705 735 781 involutis,
749 704 866 766 assidue
882 715 1033 776 uteretur;
1050 719 1123 766 nont

121 791 203 868 nulli,
216 789 295 868 quod
303 788 678 868 praepiugnisiueritrisus,
691 807 777 867 quem
786 787 905 866 ςιῑιιιιιι
912 789 1110 859 Gallirocent3

122 874 172 937 vel
187 883 299 949 contra,
312 873 390 951 quod
402 882 458 932 tam
464 871 562 947 erilis,
574 888 659 950 quam
669 881 735 931 snat
747 871 879 932 animalia
889 875 1007 950 quaein
1019 890 1109 932 aescu-

122 959 159 1018 lis
171 966 325 1018 nascuntur
337 957 578 1034 appellanturque
590 956 706 1032 galbae.
726 955 876 1017 Familiam
887 956 1108 1017 illustravitSer-

122 1044 186 1102 uius
200 1040 290 1102 Galba
302 1040 479 1115 consularis,
490 1048 652 1117 temporum
669 1054 785 1098 suorum
803 1048 832 1098 et
851 1039 1107 1118 eloquentissimus,

124 1143 210 1204 quem
221 1123 335 1184 uadunt
345 1123 511 1201 Hispaniam
524 1141 562 1182 ex
578 1133 714 1201 praetura
726 1123 921 1201 optinentem,
934 1125 1055 1201 triginta
1065 1123 1107 1182 hu·
1114 1138 1129 1179 ιι

124 1210 279 1268 sitanorum
291 1207 405 1266 milibus
417 1206 538 1285 peridia
557 1207 719 1283 trucidatis,
738 1207 890 1267 Viriathini
912 1207 986 1267 belli
1004 1223 1109 1268 causam

123 1293 264 1351 extitisse.
307 1290 376 1349 Eius
394 1307 488 1367 nepos
508 1289 545 1347 oh
562 1291 708 1369 repulsam
726 1290 891 1350 consulatus
902 1290 1036 1350 infensus
1047 1289 1108 1350 lulio

124 1374 253 1448 Gaesari,
269 1375 347 1433 cuius
359 1373 473 1448 legatus
485 1375 513 1431 in
521 1372 613 1432 Gallia
624 1375 729 1451 lucrat,
743 1374 923 1452 conspirarit
936 1393 1001 1434 enm
1015 1372 1108 1434 Gassio

123 1467 152 1518 et
162 1458 261 1530 Bruto,
276 1464 396 1533 propter
407 1455 485 1532 quod
499 1455 587 1515 Pedia
599 1456 668 1531 lege
679 1458 826 1518 damnatus
838 1465 892 1516 est.
910 1457 959 1518 Ab
977 1457 1038 1518 hoc
1055 1464 1109 1517 snut

122 1541 305 1618 imperatoris
324 1537 433 1598 Galbae
449 1556 520 1597 avus
536 1557 570 1599 ae
587 1551 685 1618 pater:
703 1559 774 1601 avus
793 1541 900 1600 clarior
917 1540 1022 1601 studiis
1035 1557 1108 1620 quau
1115 1555 1129 1595 1⁵

122 1622 261 1699 dignitate
274 1623 348 1700 (nou
361 1622 436 1680 euim
452 1640 591 1698 egressus
603 1634 757 1702 praeturae
775 1624 911 1702 gradum)
928 1625 1109 1704 multiplicem

122 1723 178 1766 nec
184 1706 358 1765 incuriosam
364 1704 513 1766 historiam
520 1706 624 1776 edidit;
633 1717 717 1786 pater
725 1708 875 1768 consulatu
881 1707 1009 1786 inuans,
1021 1726 1108 1787 quam-

124 1806 208 1868 quam
219 1787 301 1848 brevi
312 1805 448 1867 corpore,
460 1798 546 1867 atque
558 1793 644 1850 etiam
655 1792 768 1870 gibber,
780 1791 973 1870 modicaeque
984 1793 1109 1852 iudicer·

123 1873 160 1934 do
173 1871 330 1949 facultatis,
343 1890 445 1932 causas
457 1873 595 1933 industrie
612 1878 749 1936 actitavit.
776 1877 894 1937 Uxores
910 1875 1011 1936 habuit
1028 1876 1109 1936 hlnm

122 1958 207 2018 mium
217 1955 385 2032 Achaicam,
396 1965 514 2034 neptem
526 1956 620 2018 Catuli
634 1968 865 2037 proneptemque
882 1959 913 2019 L.
928 1959 1057 2037 blummi,
1068 1958 1133 2037 quta

124 2039 291 2102 Corinthum
304 2040 424 2110 excidit;
441 2043 510 2100 item
526 2042 634 2102 hiviam
651 2042 810 2103 Ocellinam
823 2042 909 2102 ditem
922 2042 1075 2103 admodum
1088 2049 1112 2101 et

124 2125 281 2205 pulchram,
296 2144 312 2186 a
325 2143 380 2204 qua
392 2133 486 2186 tamen
499 2125 656 2188 nobilitatis
669 2144 754 2188 causa
767 2128 914 2206 appetitus
925 2126 1003 2187 ultro
1017 2126 1111 2187 existi-

123 2218 225 2287 matur,
241 2218 271 2269 et
282 2209 430 2287 aliquanto
443 2210 555 2269 enixius
567 2219 633 2288 post
647 2229 732 2288 qnam
748 2210 869 2270 subinde
884 2211 1002 2271 instanti
1020 2212 1112 2271 vitium

125 2293 259 2372 eorporis
272 2301 387 2353 secreto
400 2295 494 2371 posita
506 2303 589 2354 veste
601 2294 719 2371 detexit,
732 2313 768 2355 ne
781 2296 861 2373 quasi
872 2295 1003 2372 ignaram
1010 2294 1112 2355 fallere

124 2376 281 2436 rideretur.
309 2374 355 2435 Ex
364 2375 493 2437 Achaica
506 2378 616 2438 liberos
628 2377 726 2438 Gaium
741 2387 770 2438 et
787 2379 919 2438 Servium
935 2379 1136 2456 procreantes

124 2474 245 2536 quornm
256 2459 348 2518 maior
362 2458 449 2519 Gaius
462 2462 564 2520 attritis
575 2462 758 2522 facultatibus
771 2462 843 2522 urbe
861 2463 952 2522 cessit
957 2461 1112 2540 ,prohibi-

123 2551 227 2618 tusque
246 2558 286 2683 q·
282 2540 399 2601 Tiberio
414 2544 513 2602 sortiri
530 2563 605 2605 anno
624 2563 676 2606 suo
695 2546 930 2624 proconsulatum
953 2546 1112 2606 voluntaria

122 2631 245 2685 morteo
267 2624 307 2685 iit.

94 2719 112 2774 4
183 2708 247 2769 Ser.
265 2706 356 2769 Galba
371 2706 444 2787 Imp
462 2710 501 2771 hi
518 2711 637 2772 Valerio
657 2712 800 2791 hlessala,
820 2713 880 2774 GN.
897 2713 1112 2774 Lentulocons.

123 2801 206 2853 natus
223 2800 269 2852 est
280 2791 372 2852 Vllll.
388 2792 435 2852 lii
448 2792 551 2854 lenm
563 2795 631 2857 villa
645 2797 714 2856 colli
728 2758 913 2876 supe’rposita
932 2815 1027 2877 prope
1044 2797 1112 2857 Ter·
1120 2801 1139 2843 ³⁰

123 2877 263 2953 naeinam,
282 2877 465 2937 sinistrorsus
477 2877 593 2938 Fundos
608 2880 786 2959 petentibus,
804 2882 1017 2960 adoptatusque
1032 2900 1050 2942 a
1064 2898 1112 2940 no·

123 2978 211 3021 verca
224 2977 275 3021 sua
286 2959 346 3020 hivi
354 2978 459 3022 nornen
471 2971 500 3022 et
511 2962 630 3023 Ocellae
642 2981 805 3041 cognomen
819 2966 987 3044 assumpsit,
1006 2974 1112 3025 mutato

124 3045 327 3146 praenqmine3
343 3064 408 3107 nam
423 3045 540 3107 Lucium
554 3064 624 3107 mox
643 3065 696 3126 pro
714 3049 819 3109 Servio
835 3067 928 3128 usqne
946 3049 983 3110 ad
1000 3057 1113 3127 tempus

123 3129 236 3208 imperii
254 3133 412 3209 usurpavit.
443 3128 736 3210 Gonstatdugustum
752 3151 843 3210 puero
862 3133 964 3211 adhue,
980 3132 1113 3230 salqtunti

123 3229 157 3273 se
172 3213 293 3274 interae
334 3215 397 3276 ales
404 3216 613 3313 ,apprehensa
630 3215 753 3276 buccula
772 3216 897 3278 dixisse:
890 3209 983 3278 nat
998 3205 1042 3276 συ
1059 3211 1114 3276 τέ·
1123 3229 1142 3270 ιι

123 3314 208 3356 κνον
224 3292 281 3393 τῇς
319 3288 503 3396 ρχῆςὴμῶν
521 3290 727 3380 παραιρόξη.
760 3301 819 3360 Sed
840 3310 870 3360 et
884 3300 1029 3378 Tiberius,
1050 3319 1115 3359 cnm

124 3394 179 3436 eon
201 3379 420 3472 serissetimn
425 3393 502 3428 ======
505 3385 757 3443 meumverumin
773 3394 900 3462 senecta,
918 3346 1113 3461 Vioot’eaoe,

124 3461 155 3504 ἰ’
204 3476 256 3512 ¹¹¹⁴
238 3461 355 3504 ''Md'‘
527 3466 609 3512 hil
615 3466 690 3512 mr
693 3466 831 3512 *ilva
813 3469 1042 3547 quoqueeius
1059 3469 1120 3528 iul·
