2256 3930
186 243 463 291 nuruaosuoaun
484 245 665 294 prunorum
688 248 889 308 auuroumn.
976 235 1038 298 299

32 394 100 458 dius
123 405 212 476 poeta
228 399 255 455 in
274 397 362 457 exilio
379 399 454 476 perit
473 407 502 458 et
517 400 594 458 iuxta
617 401 752 479 oppidum
771 399 881 461 Tomos
898 405 1039 482 sepelitur

33 487 66 542 α’.
88 490 156 542 770.
174 489 238 540 771.
298 491 300 493 ’

98 565 250 624 Philistion
262 566 476 644 mimographus
492 569 607 626 natione
623 567 787 644 Magnesius
800 568 924 628 Asianus
941 571 1037 631 clarus

10 666 27 695 -·-
53 649 161 710 abetur
174 648 285 709 Romae
301 666 330 708 u.
350 657 514 711 759-761.

10 646 53 849 ἰ
97 732 215 793 Persius
245 731 370 793 Flaccus
393 735 525 792 satiricus
552 744 640 811 poeta
661 735 823 796 Volaterris
853 738 980 795 nascitur
1005 754 1035 796 c.

10 822 102 877 -787,
123 824 181 876 788
206 859 213 874 .
237 859 244 874 .
267 859 273 873 .
299 816 415 876 Persius
436 818 646 878 volaterranus
662 821 794 879 satiricus
812 829 897 899 poeta
919 821 1037 878 moritur

10 910 109 959 ²anno
126 901 229 959 aetatis
245 917 315 960 suae
333 901 476 976 vigesimo
494 919 570 961 nono
586 920 615 961 a.
633 911 700 964 815.
717 912 782 964 818.

10 1002 17 1007 “
104 1000 165 1048 Vita
176 999 209 1047 A.
217 998 299 1048 Persii
306 999 388 1049 Flacci
401 999 479 1064 vulgo
492 999 534 1049 hic
546 1002 607 1066 poni
621 1002 695 1051 solita
709 1017 724 1050 a
737 1003 809 1051 nobis
822 1003 917 1052 omissa
928 1009 1037 1062 caucum

15 1094 26 1101 -
37 1075 132 1116 ueteres
145 1067 204 1116 libri
216 1068 248 1116 de
260 1069 438 1117 commentario
452 1069 527 1118 Probi
538 1069 634 1120 Valerii
648 1071 772 1119 sublatam
784 1071 965 1120 demonstrent.

10 1104 35 1213 .
97 1151 136 1212 tl.
153 1152 290 1212 Annaeus
306 1153 437 1212 Lucanus
447 1149 642 1214 Cordubensis
660 1165 747 1233 poeta
763 1157 791 1214 in
801 1156 951 1215 Pisoniana
968 1171 1035 1214 con·

40 1233 176 1296 iuratione
198 1237 397 1314 deprehensus
421 1237 567 1297 brachium
589 1240 625 1299 ad
645 1241 786 1299 secandas
808 1258 899 1298 venas
921 1238 1036 1298 medico

37 1319 169 1395 praebuit
186 1338 216 1380 a.
231 1328 296 1382 817.
315 1327 380 1381 818,

34 1456 37 1462 .
95 1406 112 1445 *
135 1405 152 1445 *
174 1404 190 1445 *
213 1406 304 1482 prima
324 1405 431 1480 ingenii
453 1407 650 1484 experimenta
678 1408 706 1466 in
729 1406 892 1465 Neronis
923 1405 1036 1465 laudi-

25 1480 99 1548 ¹hus
126 1487 206 1548 dedit
229 1488 433 1565 quinquennali
446 1491 613 1563 certamine,
642 1490 707 1549 dein
740 1490 858 1549 civile
884 1489 1036 1566 bellum,

67 1571 110 1634 od
133 1590 149 1632 a
169 1572 307 1649 Pompeio
327 1581 356 1631 et
375 1570 504 1632 Caesare
525 1583 638 1650 gestum
660 1583 721 1649 est,
739 1574 890 1650 recitavit,
907 1583 936 1633 ut
952 1592 1036 1652 prae·

23 1648 142 1717 tatione
160 1655 282 1734 quadam
296 1665 420 1715 aetatem
440 1665 469 1715 et
485 1657 562 1716 initia
577 1676 629 1716 sua
645 1676 708 1716 cum
724 1656 847 1735 Virgilio
866 1675 1037 1736 comparans

19 1751 118 1801 ausus
136 1741 174 1798 sit
191 1738 309 1803 dicere:

556 1836 582 1884 et
594 1837 727 1901 quantum
741 1830 808 1884 midi
820 1837 906 1884 restat

199 1911 244 1966 Ad
257 1910 395 1968 Culicem?

10 1981 80 2054 Hic
93 1993 179 2050 initio
192 1990 420 2064 adolescentiae,
435 2009 497 2049 cum
511 1990 548 2049 ob
561 1991 693 2051 infestum
707 1991 913 2050 matrimonium
926 1998 1036 2066 patrem

10 2090 112 2138 auum
143 2075 203 2133 ruri
229 2092 319 2150 agere
350 2073 519 2150 longissime
553 2077 741 2153 cognovisset
770 2075 848 2114 ***
881 2081 1037 2131 revocatus

10 2158 154 2222 Athenis
172 2176 188 2217 a
204 2157 322 2217 Nerone
338 2157 510 2236 cohortique
531 2161 686 2218 amicorum
707 2157 820 2218 additus
840 2166 927 2233 atque
952 2157 1037 2215 etiam

10 2251 189 2328 quaestura
204 2241 377 2317 honoratus,
393 2258 451 2300 non
469 2251 564 2302 tumen
579 2243 736 2321 permansit
757 2241 785 2299 in
808 2242 911 2318 gratia.
942 2241 1036 2317 Siqui-

10 2327 96 2390 uem
120 2343 211 2402 aegre
233 2325 349 2400 ferens,
371 2327 511 2384 recitante
535 2345 568 2385 se
587 2327 681 2386 subito
698 2344 732 2384 ac
748 2325 826 2384 nulla
841 2326 895 2383 nisi
913 2323 1036 2400 relrige-

10 2410 113 2473 nandi
133 2409 177 2468 sui
190 2426 277 2468 causa
290 2409 397 2468 indicto
411 2419 511 2469 senatu
523 2412 702 2486 recessisse,
716 2427 811 2486 neque
823 2408 923 2468 verbis
935 2408 1037 2468 adver·

10 2513 75 2556 sus
99 2494 262 2572 principem
278 2510 374 2570 neque
390 2493 474 2552 lactis
496 2494 658 2572 extantibus
681 2495 837 2572 posthaec
853 2494 1035 2571 temperavit,

10 2580 105 2640 adeo
130 2585 161 2635 ut
182 2576 325 2654 quondam
345 2578 374 2635 in
397 2577 507 2636 latrinis
530 2576 656 2656 publicis
680 2578 804 2638 clariore
828 2597 890 2637 cum
913 2578 1037 2654 strepitu

10 2661 142 2722 ventris
157 2661 254 2718 emissi
268 2660 478 2720 hemistichium
494 2659 619 2721 Neronis
633 2680 735 2740 magna
749 2679 954 2722 consessorum
967 2661 1036 2736 luga

10 2744 236 2827 pronuntiarit:

187 2830 244 2888 Sub
262 2834 344 2887 terris
358 2835 476 2888 tonuisse
485 2840 575 2903 putes.

10 2911 87 2974 Sed
106 2919 137 2969 et
154 2909 266 2970 famoso
284 2913 409 2971 carmine
431 2930 493 2971 cum
517 2914 609 2990 ipsum
625 2922 683 2972 tum
696 2915 912 2991 potentissimos
929 2911 1035 2970 amico·

10 3014 88 3057 rum
105 2996 280 3070 gravissime
298 2996 448 3073 proscidit.
493 2996 539 3055 Ad
559 3007 718 3056 extremum
734 3015 827 3074 paene
848 2995 969 3073 signifer
991 2994 1035 3054 l'i·

10 3079 169 3141 soniauae
198 3080 401 3139 coniurationis
428 3081 538 3155 extitit,
561 3082 666 3141 multus
691 3081 828 3157 ingloria
844 3077 1035 3155 tyrannicida·

10 3181 88 3227 uum
104 3161 202 3240 palam
216 3163 411 3239 praedicanda
427 3181 461 3223 ac
477 3165 581 3243 plenus
600 3167 754 3240 minarum,
773 3182 864 3241 usque
882 3181 918 3223 eo
933 3164 1034 3222 intem-

18 3263 138 3326 perans
160 3254 191 3306 ut
208 3244 343 3307 Caesaris
368 3257 453 3326 caput
477 3251 609 3327 proximo
633 3248 737 3325 cuique
753 3248 886 3307 iactaret.
926 3247 1035 3305 Verum

19 3332 147 3392 detecta
177 3333 375 3391 coniuratione
405 3349 587 3411 nequaquam
614 3349 713 3410 parem
737 3332 821 3391 animi
846 3332 1036 3391 constantiam

19 3414 189 3495 praestitit;
210 3415 298 3475 facile
324 3417 398 3475 enim
421 3416 575 3476 confessus
591 3415 671 3475 etad
689 3415 861 3475 humillimas
879 3414 1035 3476 devolutus

19 3516 136 3574 preces
152 3507 272 3560 matrem
290 3516 407 3577 quoque
423 3500 567 3560 innoxiam
579 3501 653 3560 inter
669 3501 767 3558 socios
780 3500 947 3577 nominavit,
967 3518 1021 3579 spe
