2256 3930
209 184 485 234 nnesamuonun
506 187 685 235 nrnnonnn
705 187 904 247 nunmnmn.
998 174 1059 237 315

119 341 285 419 Innocens,
305 341 451 420 innoxius]
476 341 616 400 innocens
637 349 682 400 est
704 341 808 400 nemini
830 359 955 418 nocens,
978 343 1059 402 inno·

77 428 123 487 ius
141 426 227 505 culpa
243 424 395 486 cuiuslibet
410 426 535 484 criminis
548 443 667 486 vacuus.

123 509 258 570 lnducias
285 509 389 569 ioedus
417 517 446 568 et
466 527 569 587 paoem
593 508 650 568 boc
671 510 806 585 interest,
828 509 906 586 quod
928 509 1061 568 induciae

77 593 299 654 nmerodierum
314 593 455 669 liniuntur,
469 592 547 670 quod
559 602 587 651 et
602 601 780 671 sequestram
795 610 898 671 pacem
913 592 1062 672 appellant

77 687 103 740 t:
116 695 202 757 pccc
217 683 380 756 sequestra
391 675 449 737 Bis
462 694 554 737 senos
564 677 713 755 pepigere
730 677 817 747 diem
833 676 936 736 ioedus
951 678 979 734 in
994 693 1060 754 per·

78 771 180 823 etuum
195 770 242 821 aut
257 762 285 820 in
301 777 438 821 annorum
454 770 563 820 certum
580 779 725 820 numerum
740 761 847 828 fertum
869 778 926 838 pax
945 776 1007 818 cnm
1024 776 1060 818 eo

80 846 173 924 opulo
195 845 385 924 conponitur,
416 845 463 922 qui
486 844 659 904 imbecillior
680 854 725 904 est
746 844 838 903 altero
862 842 1061 921 praevalente,

77 931 109 989 ui
126 929 271 989 existimet
285 930 370 988 tutius
387 946 454 987 csse
469 928 523 986 sibi
539 928 719 988 descendere
735 929 763 987 in
779 926 961 987 conditiones
977 927 1062 1005 pacis

80 1031 148 1072 uam
165 1012 276 1072 dubiam
291 1011 362 1071 belli
376 1012 518 1071 fortunam
533 1013 670 1091 experiri.
723 1069 725 1073 .

125 1097 242 1171 Laniat,
265 1096 403 1172 lancinat,
425 1096 534 1156 lacerat
557 1095 614 1155 boc
631 1096 741 1172 diliert,
763 1095 840 1175 quod
857 1095 944 1154 laniat
956 1095 1060 1170 lanius,

77 1200 126 1241 nm
141 1179 270 1239 membra
286 1179 432 1258 decerpit;
453 1179 562 1240 lacerat
576 1182 623 1260 qni
645 1179 773 1258 partibus
794 1181 853 1238 suis
868 1178 995 1238 membra
1011 1178 1061 1238 de·

76 1266 168 1329 titnit:
191 1264 316 1323 lancinat
330 1265 378 1341 qui
392 1264 529 1323 inutiliter
542 1264 669 1323 membra
683 1263 832 1341 discerpit.

122 1348 226 1408 Lustra
255 1346 396 1426 producte
426 1356 455 1406 et
474 1347 563 1407 lustra
590 1357 725 1426 correpte
746 1346 803 1407 boc
825 1348 961 1424 interest,
985 1344 1062 1424 quod

76 1435 152 1494 lstra
169 1439 249 1490 certa
263 1440 394 1511 tempora
411 1439 483 1508 sunt,
499 1431 588 1490 lustra
605 1431 723 1491 latibula
740 1432 865 1490 ferarum
878 1431 925 1490 rel
937 1431 1060 1510 turpium

76 1516 207 1578 ominum
227 1515 424 1596 receptacula.

123 1599 263 1676 Legatum
284 1609 314 1659 et
335 1599 493 1677 oratorem]
517 1598 631 1674 legatus
647 1598 754 1675 legitur
770 1599 806 1658 ad
829 1600 956 1659 officium
983 1617 999 1659 a
1021 1600 1060 1658 ci·

77 1687 167 1752 itate;
190 1691 288 1745 orator
305 1683 341 1743 ad
357 1682 493 1743 orandum
510 1684 630 1758 missus,
647 1684 687 1741 uti
715 1685 773 1744 oris
797 1685 909 1743 ratione
933 1691 1061 1762 exponat

76 1766 181 1846 lquod
195 1768 277 1846 petit.

124 1850 246 1912 Liberos
268 1860 297 1911 et
314 1851 403 1929 lilios]
422 1851 472 1910 lilii
489 1850 647 1911 masculino
665 1869 776 1928 genere
793 1860 953 1929 ponuntur,
975 1849 1060 1909 liberi

76 1953 88 1995 s
105 1943 231 2013 utroque
247 1953 334 2004 sexu;
358 1943 388 1994 et
404 1935 480 2013 quod
500 1934 550 1993 lilii
566 1936 594 1993 in
610 1952 756 1994 nnmerum
778 1934 953 2010 singularem
974 1951 1059 1992 revo-

78 2020 120 2081 ari
137 2028 274 2099 possunt,
290 2019 375 2079 liberi
391 2036 448 2078 non
464 2021 597 2098 possunt;
618 2019 718 2096 (nemo
734 2019 808 2076 enim
821 2017 889 2077 dicit
910 2018 958 2095 qui
973 2015 1062 2076 babet

78 2121 147 2163 num
161 2103 264 2164 lilium:
287 2121 372 2162 unum
386 2103 508 2162 liberum
522 2102 633 2182 habeo)
650 2105 716 2160 item
735 2100 811 2179 quod
828 2101 867 2160 lili
884 2101 975 2160 omnis
992 2117 1059 2160 con·

76 2188 177 2247 ditionis
193 2187 415 2264 intelleguntur,
437 2196 493 2246 tam
512 2189 590 2246 servi
606 2204 690 2265 quam
704 2185 838 2262 ingenui,
859 2183 943 2244 liberi
964 2193 1059 2244 autem

76 2286 118 2330 ‚on
135 2270 266 2332 dicuntur
279 2272 334 2330 nisi
349 2273 395 2349 qui
412 2270 448 2331 ab
463 2272 594 2348 ingenuis
611 2278 775 2329 nascuntur.

122 2354 220 2432 Leges
238 2363 267 2414 et
280 2356 341 2414 iura
356 2355 414 2415 hoc
429 2354 541 2432 differt,
564 2354 641 2433 quod
660 2355 720 2412 iura
736 2362 855 2432 reperta
871 2361 936 2413 sunt
952 2352 987 2413 ab
1006 2351 1058 2413 bo·

76 2447 143 2498 resta
163 2438 387 2508 consuetudine;
413 2437 501 2522 (unde
523 2440 607 2498 etiam
623 2440 667 2497 ius
684 2447 712 2497 et
733 2438 840 2497 iustitia
863 2438 926 2517 parl
947 2438 1060 2498 ratione

75 2523 193 2583 icantur
207 2522 242 2584 ab
259 2523 341 2582 unius
356 2524 494 2602 cuiusque
509 2519 586 2603 iure)
605 2523 698 2600 leges,
716 2521 792 2600 quod
809 2522 923 2582 electae
940 2523 996 2582 sint
1012 2521 1060 2582 vel

77 2608 220 2666 sntcntias
233 2608 322 2668 artius
336 2607 429 2685 ligent
444 2626 495 2667 seu
510 2607 640 2683 alligent.

120 2689 281 2767 Legionem
306 2701 335 2750 ct
352 2691 499 2770 dilectum}
519 2691 599 2768 legio
615 2690 718 2750 dicitur
735 2691 862 2750 virorum
879 2689 986 2751 electio
999 2688 1058 2750 ior-

75 2773 128 2836 ium
145 2773 193 2833 vel
210 2784 306 2834 certus
322 2775 440 2836 militurn
455 2793 599 2851 numerus,
615 2774 644 2834 id
660 2783 705 2834 est
717 2776 747 2841 V.
763 2789 819 2843 bc;
844 2773 968 2834 dilectos
985 2789 1059 2852 quos

75 2860 184 2919 ianime
199 2857 359 2936 diligimus,
381 2869 411 2918 ut
427 2859 501 2919 filios
516 2867 654 2938 parentes
669 2867 813 2936 cognatos
829 2857 877 2916 vel
893 2857 1008 2917 iratres.

117 2941 285 3003 Ludibrium
310 2952 339 3002 et
364 2943 517 3022 ludicrum}
544 2942 695 3002 ludibrium
715 2944 743 3001 in
767 2941 887 3002 alterius
910 2942 1056 3008 iniuriam

75 3027 199 3088 rdicrum
218 3044 274 3105 quo
293 3027 348 3105 ipsi
367 3026 543 3086 delectamur
556 3027 618 3086 sinc
634 3029 800 3104 cuiusquam
817 3023 998 3084 contumelia.

121 3110 162 3170 lili
185 3110 299 3169 etmihi
321 3110 377 3170 hoo
394 3111 504 3187 differt,
522 3111 560 3170 mi
581 3127 741 3188 pronomen
763 3118 807 3168 est
824 3109 950 3167 vocativi
972 3124 1057 3167 casus

75 3204 83 3256 t
100 3194 184 3254 venit
199 3211 215 3253 a
231 3195 405 3254 nominativo
422 3213 518 3262 meus;
541 3194 608 3253 mihi
625 3194 816 3272 compositum
831 3209 991 3270 pronomen
1006 3189 1054 3249 da·

75 3279 105 3338 vi
125 3295 226 3346 casus;
250 3286 279 3337 et
293 3279 330 3336 mi
347 3278 500 3356 aliquando
517 3279 631 3356 ponitur
647 3294 701 3356 pro
719 3275 857 3336 adverbio
880 3274 1006 3335 adlativo
1026 3281 1056 3334 ut

75 3361 129 3424 alc
141 3361 185 3421 mi
193 3360 298 3439 frater
312 3361 476 3422 carissime
492 3361 574 3421 mibi.
1063 3423 1065 3428 ,

119 3445 275 3506 Miseratus
298 3454 328 3504 et
347 3446 493 3525 misertus]
516 3445 592 3525 quod
607 3444 736 3504 miserari
760 3442 930 3504 calamitatis
951 3450 979 3501 et
996 3440 1056 3502 ior·
