<?xml version="1.0" encoding="UTF-8"?>
<!DOCTYPE html PUBLIC "-//W3C//DTD XHTML 1.0 Transitional//EN"
    "http://www.w3.org/TR/xhtml1/DTD/xhtml1-transitional.dtd">
<html xmlns="http://www.w3.org/1999/xhtml" xml:lang="en" lang="en">
 <head>
  <title>
</title>
<meta http-equiv="Content-Type" content="text/html;charset=utf-8" />
  <meta name='ocr-system' content='tesseract 3.04.00' />
  <meta name='ocr-capabilities' content='ocr_page ocr_carea ocr_par ocr_line ocrx_word'/>
</head>
<body>
  <div class='ocr_page' id='page_1' title='image "./csuetonitranqui01suetgoog_0242.png"; bbox 0 0 2256 3930; ppageno 0'>
   <div class='ocr_carea' id='block_1_1' title="bbox 435 225 1059 298">
    <p class='ocr_par' dir='ltr' id='par_1_1' title="bbox 435 225 1059 298">
     <span class='ocr_line' id='line_1_1' title="bbox 435 225 1059 298; baseline 0.008 -5"><span class='ocrx_word' id='word_1_1' title='bbox 435 225 469 293; x_wconf 85' lang='lat' dir='ltr'><strong>&#39;c.</strong></span> <span class='ocrx_word' id='word_1_2' title='bbox 489 245 672 294; x_wconf 65' lang='lat' dir='ltr'><strong>cursum.</strong></span> <span class='ocrx_word' id='word_1_3' title='bbox 1000 237 1059 298; x_wconf 83' lang='grc'><strong>133</strong></span> 
     </span>
    </p>
   </div>
   <div class='ocr_carea' id='block_1_2' title="bbox 53 399 1060 566">
    <p class='ocr_par' dir='ltr' id='par_1_2' title="bbox 53 399 1060 566">
     <span class='ocr_line' id='line_1_2' title="bbox 53 399 1059 482; baseline 0.005 -23"><span class='ocrx_word' id='word_1_4' title='bbox 53 419 141 480; x_wconf 86' lang='lat' dir='ltr'><strong>quem</strong></span> <span class='ocrx_word' id='word_1_5' title='bbox 173 409 251 461; x_wconf 91' lang='lat' dir='ltr'><strong>metu</strong></span> <span class='ocrx_word' id='word_1_6' title='bbox 282 419 459 461; x_wconf 88' lang='lat' dir='ltr'><strong>venenorum</strong></span> <span class='ocrx_word' id='word_1_7' title='bbox 492 402 664 480; x_wconf 89' lang='lat' dir='ltr'><strong>praemuniri</strong></span> <span class='ocrx_word' id='word_1_8' title='bbox 688 399 904 461; x_wconf 74' lang='lat' dir='ltr'>medicamentis</span> <span class='ocrx_word' id='word_1_9' title='bbox 930 403 1059 482; x_wconf 91' lang='lat' dir='ltr'><strong>suspica·</strong></span> 
     </span>
     <span class='ocr_line' id='line_1_3' title="bbox 55 483 1060 566; baseline 0.004 -23"><span class='ocrx_word' id='word_1_10' title='bbox 55 486 155 545; x_wconf 89' lang='lat' dir='ltr'><strong>batur:</strong></span> <span class='ocrx_word' id='word_1_11' title='bbox 179 483 358 546; x_wconf 78' lang='lat' dir='ltr'><em>Antidotum</em></span> <span class='ocrx_word' id='word_1_12' title='bbox 384 486 474 564; x_wconf 91' lang='lat' dir='ltr'><strong>inquit</strong></span> <span class='ocrx_word' id='word_1_13' title='bbox 498 484 651 544; x_wconf 81' lang='lat' dir='ltr'><strong>adversus</strong></span> <span class='ocrx_word' id='word_1_14' title='bbox 674 483 865 546; x_wconf 77' lang='lat' dir='ltr'><strong>Gaesarem?</strong></span> <span class='ocrx_word' id='word_1_15' title='bbox 907 486 1060 566; x_wconf 78' lang='lat' dir='ltr'><strong>Relegatis</strong></span> 
     </span>
    </p>
   </div>
   <div class='ocr_carea' id='block_1_3' title="bbox 13 567 1105 3584">
    <p class='ocr_par' dir='ltr' id='par_1_3' title="bbox 54 567 1061 734">
     <span class='ocr_line' id='line_1_4' title="bbox 54 567 1061 650; baseline 0.002 -22"><span class='ocrx_word' id='word_1_16' title='bbox 54 569 209 628; x_wconf 89' lang='lat' dir='ltr'><strong>sororibus</strong></span> <span class='ocrx_word' id='word_1_17' title='bbox 226 588 289 630; x_wconf 82' lang='lat' dir='ltr'><strong>oon</strong></span> <span class='ocrx_word' id='word_1_18' title='bbox 304 571 402 630; x_wconf 83' lang='lat' dir='ltr'><strong>solum</strong></span> <span class='ocrx_word' id='word_1_19' title='bbox 416 569 538 629; x_wconf 84' lang='lat' dir='ltr'><strong>irtsulos</strong></span> <span class='ocrx_word' id='word_1_20' title='bbox 552 567 670 629; x_wconf 85' lang='lat' dir='ltr'><strong>babere</strong></span> <span class='ocrx_word' id='word_1_21' title='bbox 683 586 733 645; x_wconf 81' lang='lat' dir='ltr'><strong>ce,</strong></span> <span class='ocrx_word' id='word_1_22' title='bbox 760 569 817 628; x_wconf 83' lang='lat' dir='ltr'><strong>sed</strong></span> <span class='ocrx_word' id='word_1_23' title='bbox 830 569 921 630; x_wconf 86' lang='lat' dir='ltr'><strong>etium</strong></span> <span class='ocrx_word' id='word_1_24' title='bbox 934 571 1061 650; x_wconf 78' lang='lat' dir='ltr'><strong>plodios</strong></span> 
     </span>
     <span class='ocr_line' id='line_1_5' title="bbox 54 652 1060 734; baseline 0.003 -23"><span class='ocrx_word' id='word_1_25' title='bbox 54 652 225 713; x_wconf 80' lang='lat' dir='ltr'><strong>minabatur.</strong></span> <span class='ocrx_word' id='word_1_26' title='bbox 269 654 448 713; x_wconf 76' lang='lat' dir='ltr'>Praetorium</span> <span class='ocrx_word' id='word_1_27' title='bbox 469 655 558 713; x_wconf 90' lang='lat' dir='ltr'><strong>virum</strong></span> <span class='ocrx_word' id='word_1_28' title='bbox 583 671 620 712; x_wconf 87' lang='lat' dir='ltr'><strong>ex</strong></span> <span class='ocrx_word' id='word_1_29' title='bbox 641 670 761 713; x_wconf 90' lang='lat' dir='ltr'><strong>secessu</strong></span> <span class='ocrx_word' id='word_1_30' title='bbox 781 652 954 733; x_wconf 74' lang='lat' dir='ltr'><strong>Anticyras,</strong></span> <span class='ocrx_word' id='word_1_31' title='bbox 976 673 1060 734; x_wconf 92' lang='lat' dir='ltr'><strong>quam</strong></span> 
     </span>
    </p>

    <p class='ocr_par' dir='ltr' id='par_1_4' title="bbox 28 736 1060 1151">
     <span class='ocr_line' id='line_1_6' title="bbox 28 736 1060 818; baseline 0 -20"><span class='ocrx_word' id='word_1_32' title='bbox 28 759 41 798; x_wconf 88' lang='lat' dir='ltr'><strong>s</strong></span> <span class='ocrx_word' id='word_1_33' title='bbox 55 737 220 797; x_wconf 89' lang='lat' dir='ltr'><strong>valitudinis</strong></span> <span class='ocrx_word' id='word_1_34' title='bbox 238 756 324 797; x_wconf 90' lang='lat' dir='ltr'><strong>causa</strong></span> <span class='ocrx_word' id='word_1_35' title='bbox 338 739 478 815; x_wconf 89' lang='lat' dir='ltr'><strong>petierat,</strong></span> <span class='ocrx_word' id='word_1_36' title='bbox 501 738 658 816; x_wconf 82' lang='lat' dir='ltr'><strong>propagari</strong></span> <span class='ocrx_word' id='word_1_37' title='bbox 674 736 730 796; x_wconf 90' lang='lat' dir='ltr'><strong>sibi</strong></span> <span class='ocrx_word' id='word_1_38' title='bbox 744 748 930 798; x_wconf 81' lang='lat' dir='ltr'><strong>commeatum</strong></span> <span class='ocrx_word' id='word_1_39' title='bbox 944 741 1060 818; x_wconf 91' lang='lat' dir='ltr'><strong>saepius</strong></span> 
     </span>
     <span class='ocr_line' id='line_1_7' title="bbox 56 820 1058 899; baseline 0.004 -19"><span class='ocrx_word' id='word_1_40' title='bbox 56 820 270 880; x_wconf 75' lang='lat' dir='ltr'><strong>desiderantem</strong></span> <span class='ocrx_word' id='word_1_41' title='bbox 298 838 362 880; x_wconf 93' lang='lat' dir='ltr'><strong>cum</strong></span> <span class='ocrx_word' id='word_1_42' title='bbox 396 820 560 881; x_wconf 77' lang='lat' dir='ltr'><strong>mandasset</strong></span> <span class='ocrx_word' id='word_1_43' title='bbox 587 822 725 898; x_wconf 78' lang='lat' dir='ltr'><strong>interimi,</strong></span> <span class='ocrx_word' id='word_1_44' title='bbox 767 820 886 899; x_wconf 89' lang='lat' dir='ltr'><strong>adiecit,</strong></span> <span class='ocrx_word' id='word_1_45' title='bbox 914 841 1058 884; x_wconf 81' lang='lat' dir='ltr'><strong>necesso·</strong></span> 
     </span>
     <span class='ocr_line' id='line_1_8' title="bbox 54 905 1058 984; baseline 0.004 -20"><span class='ocrx_word' id='word_1_46' title='bbox 54 905 138 964; x_wconf 85' lang='lat' dir='ltr'><strong>riom</strong></span> <span class='ocrx_word' id='word_1_47' title='bbox 154 922 222 964; x_wconf 80' lang='lat' dir='ltr'><strong>esse</strong></span> <span class='ocrx_word' id='word_1_48' title='bbox 239 905 402 984; x_wconf 79' lang='lat' dir='ltr'><strong>conquiuis</strong></span> <span class='ocrx_word' id='word_1_49' title='bbox 419 905 609 980; x_wconf 68' lang='lat' dir='ltr'><strong>missioneve,</strong></span> <span class='ocrx_word' id='word_1_50' title='bbox 637 905 688 965; x_wconf 85' lang='lat' dir='ltr'><strong>oui</strong></span> <span class='ocrx_word' id='word_1_51' title='bbox 710 911 773 965; x_wconf 85' lang='lat' dir='ltr'><strong>tam</strong></span> <span class='ocrx_word' id='word_1_52' title='bbox 788 905 840 964; x_wconf 84' lang='lat' dir='ltr'><strong>diu</strong></span> <span class='ocrx_word' id='word_1_53' title='bbox 855 924 917 967; x_wconf 84' lang='lat' dir='ltr'><strong>nou</strong></span> <span class='ocrx_word' id='word_1_54' title='bbox 928 907 1058 984; x_wconf 81' lang='lat' dir='ltr'><strong>prodes·</strong></span> 
     </span>
     <span class='ocr_line' id='line_1_9' title="bbox 53 987 1060 1070; baseline 0.003 -22"><span class='ocrx_word' id='word_1_55' title='bbox 53 995 104 1048; x_wconf 87' lang='lat' dir='ltr'><strong>set</strong></span> <span class='ocrx_word' id='word_1_56' title='bbox 121 988 296 1049; x_wconf 82' lang='lat' dir='ltr'><strong>elieborum.</strong></span> <span class='ocrx_word' id='word_1_57' title='bbox 341 989 460 1049; x_wconf 88' lang='lat' dir='ltr'><strong>Decimo</strong></span> <span class='ocrx_word' id='word_1_58' title='bbox 486 1005 601 1068; x_wconf 91' lang='lat' dir='ltr'><strong>quoque</strong></span> <span class='ocrx_word' id='word_1_59' title='bbox 623 987 669 1048; x_wconf 92' lang='lat' dir='ltr'><strong>die</strong></span> <span class='ocrx_word' id='word_1_60' title='bbox 691 1007 837 1048; x_wconf 91' lang='lat' dir='ltr'><strong>numerum</strong></span> <span class='ocrx_word' id='word_1_61' title='bbox 854 991 1060 1070; x_wconf 93' lang='lat' dir='ltr'><strong>puniendorum</strong></span> 
     </span>
     <span class='ocr_line' id='line_1_10' title="bbox 56 1072 1060 1151; baseline 0.004 -20"><span class='ocrx_word' id='word_1_62' title='bbox 56 1092 96 1132; x_wconf 86' lang='lat' dir='ltr'><strong>ex</strong></span> <span class='ocrx_word' id='word_1_63' title='bbox 114 1072 242 1133; x_wconf 90' lang='lat' dir='ltr'><strong>custodia</strong></span> <span class='ocrx_word' id='word_1_64' title='bbox 260 1072 464 1149; x_wconf 91' lang='lat' dir='ltr'><strong>subscribens,</strong></span> <span class='ocrx_word' id='word_1_65' title='bbox 479 1073 630 1133; x_wconf 85' lang='lat' dir='ltr'><strong>rationem</strong></span> <span class='ocrx_word' id='word_1_66' title='bbox 645 1090 680 1132; x_wconf 82' lang='lat' dir='ltr'><strong>se</strong></span> <span class='ocrx_word' id='word_1_67' title='bbox 692 1090 831 1151; x_wconf 76' lang='lat' dir='ltr'><strong>purpure</strong></span> <span class='ocrx_word' id='word_1_68' title='bbox 848 1074 972 1135; x_wconf 89' lang='lat' dir='ltr'><strong>dicebat.</strong></span> <span class='ocrx_word' id='word_1_69' title='bbox 995 1075 1060 1136; x_wconf 85' lang='lat' dir='ltr'><strong>Gal·</strong></span> 
     </span>
    </p>

    <p class='ocr_par' dir='ltr' id='par_1_5' title="bbox 14 1156 1102 1405">
     <span class='ocr_line' id='line_1_11' title="bbox 14 1156 1059 1236; baseline 0.003 -19"><span class='ocrx_word' id='word_1_70' title='bbox 14 1158 93 1217; x_wconf 82' lang='lat' dir='ltr'><strong>solis</strong></span> <span class='ocrx_word' id='word_1_71' title='bbox 114 1156 291 1236; x_wconf 85' lang='lat' dir='ltr'><strong>Graecisque</strong></span> <span class='ocrx_word' id='word_1_72' title='bbox 318 1157 428 1236; x_wconf 90' lang='lat' dir='ltr'><strong>aliquot</strong></span> <span class='ocrx_word' id='word_1_73' title='bbox 441 1174 497 1216; x_wconf 93' lang='lat' dir='ltr'><strong>uno</strong></span> <span class='ocrx_word' id='word_1_74' title='bbox 526 1166 657 1235; x_wconf 90' lang='lat' dir='ltr'><strong>tempore</strong></span> <span class='ocrx_word' id='word_1_75' title='bbox 683 1156 891 1235; x_wconf 91' lang='lat' dir='ltr'><strong>condemnatis,</strong></span> <span class='ocrx_word' id='word_1_76' title='bbox 915 1159 1059 1236; x_wconf 84' lang='lat' dir='ltr'><strong>gloriaba-</strong></span> 
     </span>
     <span class='ocr_line' id='line_1_12' title="bbox 54 1239 1102 1322; baseline 0.002 -22"><span class='ocrx_word' id='word_1_77' title='bbox 54 1250 115 1316; x_wconf 88' lang='lat' dir='ltr'><strong>tur,</strong></span> <span class='ocrx_word' id='word_1_78' title='bbox 144 1240 396 1321; x_wconf 75' lang='lat' dir='ltr'><strong>Golloqroeoiom</strong></span> <span class='ocrx_word' id='word_1_79' title='bbox 420 1259 454 1301; x_wconf 81' lang='lat' dir='ltr'><strong>se</strong></span> <span class='ocrx_word' id='word_1_80' title='bbox 479 1239 647 1320; x_wconf 72' lang='lat' dir='ltr'><strong>subepisse.</strong></span> <span class='ocrx_word' id='word_1_81' title='bbox 692 1239 757 1300; x_wconf 91' lang='lat' dir='ltr'><strong>Non</strong></span> <span class='ocrx_word' id='word_1_82' title='bbox 782 1249 891 1302; x_wconf 88' lang='lat' dir='ltr'><strong>temere</strong></span> <span class='ocrx_word' id='word_1_83' title='bbox 912 1243 941 1302; x_wconf 92' lang='lat' dir='ltr'><strong>in</strong></span> <span class='ocrx_word' id='word_1_84' title='bbox 963 1251 1102 1322; x_wconf 82' lang='lat' dir='ltr'><strong>quem-30</strong></span> 
     </span>
     <span class='ocr_line' id='line_1_13' title="bbox 55 1324 1059 1405; baseline 0.005 -23"><span class='ocrx_word' id='word_1_85' title='bbox 55 1343 140 1403; x_wconf 94' lang='lat' dir='ltr'><strong>quam</strong></span> <span class='ocrx_word' id='word_1_86' title='bbox 156 1327 209 1384; x_wconf 92' lang='lat' dir='ltr'><strong>nisi</strong></span> <span class='ocrx_word' id='word_1_87' title='bbox 233 1325 343 1385; x_wconf 86' lang='lat' dir='ltr'><strong>crebris</strong></span> <span class='ocrx_word' id='word_1_88' title='bbox 364 1334 394 1385; x_wconf 89' lang='lat' dir='ltr'><strong>et</strong></span> <span class='ocrx_word' id='word_1_89' title='bbox 413 1325 527 1384; x_wconf 91' lang='lat' dir='ltr'><strong>minutis</strong></span> <span class='ocrx_word' id='word_1_90' title='bbox 548 1324 652 1384; x_wconf 89' lang='lat' dir='ltr'><strong>ictibus</strong></span> <span class='ocrx_word' id='word_1_91' title='bbox 674 1325 860 1385; x_wconf 89' lang='lat' dir='ltr'><strong>animadverti</strong></span> <span class='ocrx_word' id='word_1_92' title='bbox 879 1344 982 1405; x_wconf 91' lang='lat' dir='ltr'><strong>passus</strong></span> <span class='ocrx_word' id='word_1_93' title='bbox 1004 1335 1059 1405; x_wconf 88' lang='lat' dir='ltr'><strong>est,</strong></span> 
     </span>
    </p>

    <p class='ocr_par' dir='ltr' id='par_1_6' title="bbox 13 1405 1093 1656">
     <span class='ocr_line' id='line_1_14' title="bbox 13 1405 1058 1488; baseline 0.005 -22"><span class='ocrx_word' id='word_1_94' title='bbox 13 1447 16 1451; x_wconf 89' lang='lat'><em>-</em></span> <span class='ocrx_word' id='word_1_95' title='bbox 56 1418 200 1487; x_wconf 91' lang='lat' dir='ltr'><strong>perpetuo</strong></span> <span class='ocrx_word' id='word_1_96' title='bbox 227 1419 366 1488; x_wconf 87' lang='lat' dir='ltr'><strong>notoque·</strong></span> <span class='ocrx_word' id='word_1_97' title='bbox 380 1411 434 1471; x_wconf 92' lang='lat' dir='ltr'><strong>iam</strong></span> <span class='ocrx_word' id='word_1_98' title='bbox 454 1417 630 1487; x_wconf 84' lang='lat' dir='ltr'><strong>praecepto:</strong></span> <span class='ocrx_word' id='word_1_99' title='bbox 653 1405 705 1470; x_wconf 81' lang='lat' dir='ltr'><strong>tta</strong></span> <span class='ocrx_word' id='word_1_100' title='bbox 717 1407 782 1487; x_wconf 79' lang='lat' dir='ltr'><strong>fori</strong></span> <span class='ocrx_word' id='word_1_101' title='bbox 800 1415 834 1470; x_wconf 84' lang='lat' dir='ltr'><strong>ut</strong></span> <span class='ocrx_word' id='word_1_102' title='bbox 849 1429 884 1470; x_wconf 86' lang='lat' dir='ltr'><strong>se</strong></span> <span class='ocrx_word' id='word_1_103' title='bbox 896 1411 977 1471; x_wconf 89' lang='lat' dir='ltr'><strong>mori</strong></span> <span class='ocrx_word' id='word_1_104' title='bbox 989 1428 1058 1471; x_wconf 82' lang='lat' dir='ltr'><strong>seu·</strong></span> 
     </span>
     <span class='ocr_line' id='line_1_15' title="bbox 55 1493 1059 1573; baseline 0.003 -22"><span class='ocrx_word' id='word_1_105' title='bbox 55 1493 133 1551; x_wconf 84' lang='lat' dir='ltr'><strong>tiot!</strong></span> <span class='ocrx_word' id='word_1_106' title='bbox 160 1493 261 1552; x_wconf 88' lang='lat' dir='ltr'><strong>Punito</strong></span> <span class='ocrx_word' id='word_1_107' title='bbox 290 1512 345 1573; x_wconf 90' lang='lat' dir='ltr'><strong>per</strong></span> <span class='ocrx_word' id='word_1_108' title='bbox 368 1511 498 1553; x_wconf 89' lang='lat' dir='ltr'><strong>errorem</strong></span> <span class='ocrx_word' id='word_1_109' title='bbox 525 1493 646 1552; x_wconf 91' lang='lat' dir='ltr'><strong>nominis</strong></span> <span class='ocrx_word' id='word_1_110' title='bbox 673 1493 730 1552; x_wconf 91' lang='lat' dir='ltr'><strong>alio</strong></span> <span class='ocrx_word' id='word_1_111' title='bbox 758 1511 841 1573; x_wconf 90' lang='lat' dir='ltr'><strong>quam</strong></span> <span class='ocrx_word' id='word_1_112' title='bbox 863 1512 947 1572; x_wconf 90' lang='lat' dir='ltr'><strong>quem</strong></span> <span class='ocrx_word' id='word_1_113' title='bbox 972 1494 1059 1555; x_wconf 93' lang='lat' dir='ltr'><strong>desti·</strong></span> 
     </span>
     <span class='ocr_line' id='line_1_16' title="bbox 15 1575 1093 1656; baseline 0 -21"><span class='ocrx_word' id='word_1_114' title='bbox 15 1585 193 1653; x_wconf 66' lang='lat' dir='ltr'><strong>rnnaverat,</strong></span> <span class='ocrx_word' id='word_1_115' title='bbox 224 1578 316 1655; x_wconf 93' lang='lat' dir='ltr'><strong>ipsum</strong></span> <span class='ocrx_word' id='word_1_116' title='bbox 332 1594 447 1656; x_wconf 91' lang='lat' dir='ltr'><strong>quoque</strong></span> <span class='ocrx_word' id='word_1_117' title='bbox 470 1577 550 1656; x_wconf 89' lang='lat' dir='ltr'><strong>paria</strong></span> <span class='ocrx_word' id='word_1_118' title='bbox 570 1578 710 1636; x_wconf 89' lang='lat' dir='ltr'><strong>meruisse</strong></span> <span class='ocrx_word' id='word_1_119' title='bbox 727 1575 806 1636; x_wconf 84' lang='lat' dir='ltr'><strong>dixit.</strong></span> <span class='ocrx_word' id='word_1_120' title='bbox 852 1577 1006 1655; x_wconf 81' lang='lat' dir='ltr'><strong>Tragicam</strong></span> <span class='ocrx_word' id='word_1_121' title='bbox 1026 1578 1059 1637; x_wconf 88' lang='lat' dir='ltr'><strong>il·</strong></span> <span class='ocrx_word' id='word_1_122' title='bbox 1090 1630 1093 1635; x_wconf 90' lang='lat'><em>.</em></span> 
     </span>
    </p>

    <p class='ocr_par' dir='ltr' id='par_1_7' title="bbox 16 1660 1105 3584">
     <span class='ocr_line' id='line_1_17' title="bbox 56 1660 395 1722; baseline 0.003 -4"><span class='ocrx_word' id='word_1_123' title='bbox 56 1660 104 1719; x_wconf 91' lang='lat' dir='ltr'><strong>lud</strong></span> <span class='ocrx_word' id='word_1_124' title='bbox 121 1660 241 1720; x_wconf 90' lang='lat' dir='ltr'><strong>subinde</strong></span> <span class='ocrx_word' id='word_1_125' title='bbox 256 1661 395 1722; x_wconf 90' lang='lat' dir='ltr'><strong>iactabat:</strong></span> 
     </span>
     <span class='ocr_line' id='line_1_18' title="bbox 371 1749 743 1817; baseline 0 -12"><span class='ocrx_word' id='word_1_126' title='bbox 371 1749 496 1817; x_wconf 81' lang='lat' dir='ltr'><strong>Oderint,</strong></span> <span class='ocrx_word' id='word_1_127' title='bbox 523 1750 587 1805; x_wconf 85' lang='lat' dir='ltr'><strong>dum</strong></span> <span class='ocrx_word' id='word_1_128' title='bbox 608 1754 743 1805; x_wconf 77' lang='lat' dir='ltr'><strong>metuunt!</strong></span> 
     </span>
     <span class='ocr_line' id='line_1_19' title="bbox 57 1827 1060 1908; baseline 0.002 -22"><span class='ocrx_word' id='word_1_129' title='bbox 57 1829 153 1906; x_wconf 89' lang='lat' dir='ltr'><strong>Saepe</strong></span> <span class='ocrx_word' id='word_1_130' title='bbox 169 1830 197 1887; x_wconf 92' lang='lat' dir='ltr'><strong>in</strong></span> <span class='ocrx_word' id='word_1_131' title='bbox 225 1837 345 1888; x_wconf 90' lang='lat' dir='ltr'><strong>cunctos</strong></span> <span class='ocrx_word' id='word_1_132' title='bbox 372 1831 482 1908; x_wconf 90' lang='lat' dir='ltr'><strong>pariter</strong></span> <span class='ocrx_word' id='word_1_133' title='bbox 503 1837 669 1906; x_wconf 90' lang='lat' dir='ltr'><strong>senatores,</strong></span> <span class='ocrx_word' id='word_1_134' title='bbox 696 1837 727 1888; x_wconf 91' lang='lat' dir='ltr'><strong>ut</strong></span> <span class='ocrx_word' id='word_1_135' title='bbox 752 1829 849 1889; x_wconf 88' lang='lat' dir='ltr'><strong>Seiani</strong></span> <span class='ocrx_word' id='word_1_136' title='bbox 875 1827 1007 1906; x_wconf 90' lang='lat' dir='ltr'><strong>clientis,</strong></span> <span class='ocrx_word' id='word_1_137' title='bbox 1031 1838 1060 1888; x_wconf 94' lang='lat' dir='ltr'><strong>ut</strong></span> 
     </span>
     <span class='ocr_line' id='line_1_20' title="bbox 56 1912 1058 1992; baseline 0.001 -21"><span class='ocrx_word' id='word_1_138' title='bbox 56 1914 154 1972; x_wconf 94' lang='lat' dir='ltr'><strong>matris</strong></span> <span class='ocrx_word' id='word_1_139' title='bbox 174 1930 208 1972; x_wconf 91' lang='lat' dir='ltr'><strong>ac</strong></span> <span class='ocrx_word' id='word_1_140' title='bbox 224 1913 343 1972; x_wconf 85' lang='lat' dir='ltr'><strong>fratrum</strong></span> <span class='ocrx_word' id='word_1_141' title='bbox 363 1931 478 1973; x_wconf 90' lang='lat' dir='ltr'><strong>suorum</strong></span> <span class='ocrx_word' id='word_1_142' title='bbox 500 1912 661 1988; x_wconf 80' lang='lat' dir='ltr'><strong>delatores,</strong></span> <span class='ocrx_word' id='word_1_143' title='bbox 693 1913 824 1972; x_wconf 90' lang='lat' dir='ltr'><strong>invectus</strong></span> <span class='ocrx_word' id='word_1_144' title='bbox 850 1921 909 1988; x_wconf 90' lang='lat' dir='ltr'><strong>est,</strong></span> <span class='ocrx_word' id='word_1_145' title='bbox 937 1912 1058 1992; x_wconf 87' lang='lat' dir='ltr'><strong>prolatis</strong></span> 
     </span>
     <span class='ocr_line' id='line_1_21' title="bbox 16 1994 1058 2074; baseline -0.004 -15"><span class='ocrx_word' id='word_1_146' title='bbox 16 1995 183 2072; x_wconf 83' lang='lat' dir='ltr'><strong>mlibellis,</strong></span> <span class='ocrx_word' id='word_1_147' title='bbox 205 2013 278 2074; x_wconf 91' lang='lat' dir='ltr'><strong>quos</strong></span> <span class='ocrx_word' id='word_1_148' title='bbox 301 2007 445 2058; x_wconf 90' lang='lat' dir='ltr'><strong>crematos</strong></span> <span class='ocrx_word' id='word_1_149' title='bbox 460 1996 659 2072; x_wconf 88' lang='lat' dir='ltr'><strong>simulaverat,</strong></span> <span class='ocrx_word' id='word_1_150' title='bbox 681 1995 859 2074; x_wconf 88' lang='lat' dir='ltr'><strong>defensaque</strong></span> <span class='ocrx_word' id='word_1_151' title='bbox 876 1994 973 2055; x_wconf 86' lang='lat' dir='ltr'><strong>Tiberi</strong></span> <span class='ocrx_word' id='word_1_152' title='bbox 996 2013 1058 2055; x_wconf 89' lang='lat' dir='ltr'><strong>sae·</strong></span> 
     </span>
     <span class='ocr_line' id='line_1_22' title="bbox 56 2078 1059 2157; baseline -0.001 -19"><span class='ocrx_word' id='word_1_153' title='bbox 56 2081 126 2138; x_wconf 85' lang='lat' dir='ltr'><strong>vitia</strong></span> <span class='ocrx_word' id='word_1_154' title='bbox 142 2082 224 2157; x_wconf 89' lang='lat' dir='ltr'><strong>quasi</strong></span> <span class='ocrx_word' id='word_1_155' title='bbox 240 2083 421 2157; x_wconf 86' lang='lat' dir='ltr'><strong>necessaria,</strong></span> <span class='ocrx_word' id='word_1_156' title='bbox 452 2098 515 2139; x_wconf 92' lang='lat' dir='ltr'><strong>cum</strong></span> <span class='ocrx_word' id='word_1_157' title='bbox 536 2088 579 2139; x_wconf 91' lang='lat' dir='ltr'><strong>tot</strong></span> <span class='ocrx_word' id='word_1_158' title='bbox 594 2079 808 2138; x_wconf 81' lang='lat' dir='ltr'><strong>criminantibus</strong></span> <span class='ocrx_word' id='word_1_159' title='bbox 824 2078 997 2138; x_wconf 91' lang='lat' dir='ltr'><strong>credendum</strong></span> <span class='ocrx_word' id='word_1_160' title='bbox 1015 2097 1059 2137; x_wconf 87' lang='lat' dir='ltr'><strong>es·</strong></span> 
     </span>
     <span class='ocr_line' id='line_1_23' title="bbox 57 2160 1060 2240; baseline -0.003 -17"><span class='ocrx_word' id='word_1_161' title='bbox 57 2171 111 2223; x_wconf 90' lang='lat' dir='ltr'><strong>set.</strong></span> <span class='ocrx_word' id='word_1_162' title='bbox 156 2163 329 2240; x_wconf 85' lang='lat' dir='ltr'><strong>Equestrem</strong></span> <span class='ocrx_word' id='word_1_163' title='bbox 357 2164 486 2224; x_wconf 91' lang='lat' dir='ltr'><strong>ordinem</strong></span> <span class='ocrx_word' id='word_1_164' title='bbox 515 2172 544 2222; x_wconf 92' lang='lat' dir='ltr'><strong>ut</strong></span> <span class='ocrx_word' id='word_1_165' title='bbox 573 2179 698 2222; x_wconf 88' lang='lat' dir='ltr'><strong>scaenae</strong></span> <span class='ocrx_word' id='word_1_166' title='bbox 719 2161 902 2240; x_wconf 86' lang='lat' dir='ltr'><strong>harenaeque</strong></span> <span class='ocrx_word' id='word_1_167' title='bbox 925 2160 1060 2220; x_wconf 80' lang='lat' dir='ltr'><strong>devotum</strong></span> 
     </span>
     <span class='ocr_line' id='line_1_24' title="bbox 57 2243 1060 2322; baseline -0.004 -16"><span class='ocrx_word' id='word_1_168' title='bbox 57 2245 172 2306; x_wconf 92' lang='lat' dir='ltr'><strong>assidue</strong></span> <span class='ocrx_word' id='word_1_169' title='bbox 189 2245 337 2322; x_wconf 86' lang='lat' dir='ltr'><strong>proscidit.</strong></span> <span class='ocrx_word' id='word_1_170' title='bbox 381 2247 513 2307; x_wconf 89' lang='lat' dir='ltr'><strong>Iniensus</strong></span> <span class='ocrx_word' id='word_1_171' title='bbox 536 2245 635 2306; x_wconf 92' lang='lat' dir='ltr'><strong>turbae</strong></span> <span class='ocrx_word' id='word_1_172' title='bbox 657 2245 765 2304; x_wconf 88' lang='lat' dir='ltr'><strong>faventi</strong></span> <span class='ocrx_word' id='word_1_173' title='bbox 783 2243 921 2305; x_wconf 91' lang='lat' dir='ltr'><strong>adversus</strong></span> <span class='ocrx_word' id='word_1_174' title='bbox 938 2243 1060 2304; x_wconf 92' lang='lat' dir='ltr'><strong>studium</strong></span> 
     </span>
     <span class='ocr_line' id='line_1_25' title="bbox 57 2325 1060 2404; baseline -0.002 -15"><span class='ocrx_word' id='word_1_175' title='bbox 57 2349 152 2404; x_wconf 90' lang='lat' dir='ltr'><strong>suum,</strong></span> <span class='ocrx_word' id='word_1_176' title='bbox 186 2330 373 2390; x_wconf 83' lang='lat' dir='ltr'><strong>exclamavit:</strong></span> <span class='ocrx_word' id='word_1_177' title='bbox 402 2329 524 2390; x_wconf 80' lang='lat' dir='ltr'><strong>Utinam</strong></span> <span class='ocrx_word' id='word_1_178' title='bbox 536 2329 571 2390; x_wconf 87' lang='lat' dir='ltr'><strong>P.</strong></span> <span class='ocrx_word' id='word_1_179' title='bbox 587 2329 625 2389; x_wconf 84' lang='lat' dir='ltr'><strong>R.</strong></span> <span class='ocrx_word' id='word_1_180' title='bbox 640 2346 734 2389; x_wconf 85' lang='lat' dir='ltr'><strong>uuam</strong></span> <span class='ocrx_word' id='word_1_181' title='bbox 754 2325 1060 2390; x_wconf 81' lang='lat' dir='ltr'><strong>ceruicemltoberet!</strong></span> 
     </span>
     <span class='ocr_line' id='line_1_26' title="bbox 19 2412 1059 2493; baseline 0 -21"><span class='ocrx_word' id='word_1_182' title='bbox 19 2412 189 2490; x_wconf 69' lang='lat' dir='ltr'><strong>ostiumque</strong></span> <span class='ocrx_word' id='word_1_183' title='bbox 213 2412 355 2473; x_wconf 83' lang='lat' dir='ltr'><strong>Tetrinius</strong></span> <span class='ocrx_word' id='word_1_184' title='bbox 379 2415 452 2475; x_wconf 91' lang='lat' dir='ltr'><strong>latro</strong></span> <span class='ocrx_word' id='word_1_185' title='bbox 482 2413 693 2493; x_wconf 89' lang='lat' dir='ltr'><strong>postularetur,</strong></span> <span class='ocrx_word' id='word_1_186' title='bbox 725 2419 754 2473; x_wconf 86' lang='lat' dir='ltr'><strong>et</strong></span> <span class='ocrx_word' id='word_1_187' title='bbox 780 2413 834 2493; x_wconf 84' lang='lat' dir='ltr'><strong>qui</strong></span> <span class='ocrx_word' id='word_1_188' title='bbox 853 2412 1059 2490; x_wconf 82' lang='lat' dir='ltr'><strong>postularent,</strong></span> 
     </span>
     <span class='ocr_line' id='line_1_27' title="bbox 61 2495 1059 2577; baseline -0.002 -20"><span class='ocrx_word' id='word_1_189' title='bbox 61 2495 215 2558; x_wconf 80' lang='lat' dir='ltr'><strong>Tetrinios</strong></span> <span class='ocrx_word' id='word_1_190' title='bbox 243 2515 311 2558; x_wconf 83' lang='lat' dir='ltr'><strong>esse</strong></span> <span class='ocrx_word' id='word_1_191' title='bbox 333 2499 381 2558; x_wconf 91' lang='lat' dir='ltr'><strong>ait.</strong></span> <span class='ocrx_word' id='word_1_192' title='bbox 425 2499 535 2559; x_wconf 85' lang='lat' dir='ltr'><strong>Retiari</strong></span> <span class='ocrx_word' id='word_1_193' title='bbox 564 2498 680 2556; x_wconf 88' lang='lat' dir='ltr'><strong>tunicati</strong></span> <span class='ocrx_word' id='word_1_194' title='bbox 709 2499 833 2577; x_wconf 92' lang='lat' dir='ltr'><strong>quinque</strong></span> <span class='ocrx_word' id='word_1_195' title='bbox 856 2514 973 2556; x_wconf 91' lang='lat' dir='ltr'><strong>numero</strong></span> <span class='ocrx_word' id='word_1_196' title='bbox 993 2513 1059 2573; x_wconf 79' lang='lat' dir='ltr'><strong>gre·</strong></span> 
     </span>
     <span class='ocr_line' id='line_1_28' title="bbox 58 2578 1060 2658; baseline -0.003 -17"><span class='ocrx_word' id='word_1_197' title='bbox 58 2583 145 2658; x_wconf 83' lang='lat' dir='ltr'><strong>gatim</strong></span> <span class='ocrx_word' id='word_1_198' title='bbox 172 2580 339 2642; x_wconf 88' lang='lat' dir='ltr'><strong>dimicantes</strong></span> <span class='ocrx_word' id='word_1_199' title='bbox 364 2584 427 2642; x_wconf 90' lang='lat' dir='ltr'><strong>sine</strong></span> <span class='ocrx_word' id='word_1_200' title='bbox 456 2582 612 2642; x_wconf 91' lang='lat' dir='ltr'><strong>certamine</strong></span> <span class='ocrx_word' id='word_1_201' title='bbox 642 2580 702 2640; x_wconf 92' lang='lat' dir='ltr'><strong>ullo</strong></span> <span class='ocrx_word' id='word_1_202' title='bbox 733 2581 850 2641; x_wconf 90' lang='lat' dir='ltr'><strong>totidem</strong></span> <span class='ocrx_word' id='word_1_203' title='bbox 879 2578 1060 2641; x_wconf 90' lang='lat' dir='ltr'><strong>secutoribus</strong></span> 
     </span>
     <span class='ocr_line' id='line_1_29' title="bbox 58 2663 1061 2742; baseline -0.002 -18"><span class='ocrx_word' id='word_1_204' title='bbox 58 2664 272 2725; x_wconf 90' lang='lat' dir='ltr'><strong>succubuerant</strong></span> <span class='ocrx_word' id='word_1_205' title='bbox 279 2689 286 2736; x_wconf 92' lang='lat'>;</span> <span class='ocrx_word' id='word_1_206' title='bbox 304 2683 368 2726; x_wconf 89' lang='lat' dir='ltr'><strong>cum</strong></span> <span class='ocrx_word' id='word_1_207' title='bbox 385 2666 479 2726; x_wconf 89' lang='lat' dir='ltr'><strong>occidi</strong></span> <span class='ocrx_word' id='word_1_208' title='bbox 496 2665 679 2741; x_wconf 91' lang='lat' dir='ltr'><strong>iuberentur,</strong></span> <span class='ocrx_word' id='word_1_209' title='bbox 701 2683 773 2724; x_wconf 92' lang='lat' dir='ltr'><strong>unus</strong></span> <span class='ocrx_word' id='word_1_210' title='bbox 787 2667 934 2742; x_wconf 90' lang='lat' dir='ltr'><strong>resumpta</strong></span> <span class='ocrx_word' id='word_1_211' title='bbox 947 2663 1061 2722; x_wconf 81' lang='lat' dir='ltr'><strong>fuscina</strong></span> 
     </span>
     <span class='ocr_line' id='line_1_30' title="bbox 59 2745 1061 2810; baseline -0.005 -2"><span class='ocrx_word' id='word_1_212' title='bbox 59 2766 159 2808; x_wconf 89' lang='lat' dir='ltr'><strong>omnes</strong></span> <span class='ocrx_word' id='word_1_213' title='bbox 175 2751 305 2809; x_wconf 84' lang='lat' dir='ltr'><strong>victores</strong></span> <span class='ocrx_word' id='word_1_214' title='bbox 328 2753 487 2810; x_wconf 92' lang='lat' dir='ltr'><strong>interemit:</strong></span> <span class='ocrx_word' id='word_1_215' title='bbox 518 2749 592 2809; x_wconf 90' lang='lat' dir='ltr'><strong>hanc</strong></span> <span class='ocrx_word' id='word_1_216' title='bbox 607 2758 636 2808; x_wconf 91' lang='lat' dir='ltr'><strong>ut</strong></span> <span class='ocrx_word' id='word_1_217' title='bbox 651 2748 878 2809; x_wconf 88' lang='lat' dir='ltr'><strong>crudelissimam</strong></span> <span class='ocrx_word' id='word_1_218' title='bbox 897 2745 1016 2807; x_wconf 91' lang='lat' dir='ltr'><strong>caedem</strong></span> <span class='ocrx_word' id='word_1_219' title='bbox 1032 2751 1061 2804; x_wconf 88' lang='lat' dir='ltr'><strong>et</strong></span> 
     </span>
     <span class='ocr_line' id='line_1_31' title="bbox 21 2832 1060 2912; baseline -0.002 -24"><span class='ocrx_word' id='word_1_220' title='bbox 21 2833 177 2893; x_wconf 84' lang='lat' dir='ltr'><strong>todeilevit</strong></span> <span class='ocrx_word' id='word_1_221' title='bbox 197 2832 293 2892; x_wconf 90' lang='lat' dir='ltr'><strong>edicto</strong></span> <span class='ocrx_word' id='word_1_222' title='bbox 316 2845 345 2894; x_wconf 92' lang='lat' dir='ltr'><strong>et</strong></span> <span class='ocrx_word' id='word_1_223' title='bbox 366 2852 436 2912; x_wconf 88' lang='lat' dir='ltr'><strong>eos,</strong></span> <span class='ocrx_word' id='word_1_224' title='bbox 466 2835 514 2912; x_wconf 92' lang='lat' dir='ltr'><strong>qui</strong></span> <span class='ocrx_word' id='word_1_225' title='bbox 538 2841 674 2910; x_wconf 91' lang='lat' dir='ltr'><strong>spectare</strong></span> <span class='ocrx_word' id='word_1_226' title='bbox 697 2833 910 2906; x_wconf 87' lang='lat' dir='ltr'><strong>sustinuissent,</strong></span> <span class='ocrx_word' id='word_1_227' title='bbox 940 2844 1060 2888; x_wconf 82' lang='lat' dir='ltr'><strong>execra-</strong></span> 
     </span>
     <span class='ocr_line' id='line_1_32' title="bbox 55 2915 1100 2996; baseline -0.007 -19"><span class='ocrx_word' id='word_1_228' title='bbox 55 2927 102 2977; x_wconf 90' lang='lat' dir='ltr'><strong>tus</strong></span> <span class='ocrx_word' id='word_1_229' title='bbox 118 2925 172 2975; x_wconf 90' lang='lat' dir='ltr'><strong>est.</strong></span> <span class='ocrx_word' id='word_1_230' title='bbox 219 2917 308 2991; x_wconf 83' lang='lat' dir='ltr'><strong>Queri</strong></span> <span class='ocrx_word' id='word_1_231' title='bbox 323 2919 408 2978; x_wconf 89' lang='lat' dir='ltr'><strong>etiam</strong></span> <span class='ocrx_word' id='word_1_232' title='bbox 429 2917 523 2996; x_wconf 90' lang='lat' dir='ltr'><strong>palam</strong></span> <span class='ocrx_word' id='word_1_233' title='bbox 539 2915 574 2974; x_wconf 90' lang='lat' dir='ltr'><strong>de</strong></span> <span class='ocrx_word' id='word_1_234' title='bbox 591 2915 755 2975; x_wconf 89' lang='lat' dir='ltr'><strong>conditione</strong></span> <span class='ocrx_word' id='word_1_235' title='bbox 770 2924 930 2993; x_wconf 90' lang='lat' dir='ltr'><strong>temporum</strong></span> <span class='ocrx_word' id='word_1_236' title='bbox 945 2927 1059 2971; x_wconf 91' lang='lat' dir='ltr'><strong>suorum</strong></span> <span class='ocrx_word' id='word_1_237' title='bbox 1069 2918 1100 2972; x_wconf 83' lang='lat'><strong>31</strong></span> 
     </span>
     <span class='ocr_line' id='line_1_33' title="bbox 56 2997 1059 3080; baseline -0.009 -19"><span class='ocrx_word' id='word_1_238' title='bbox 56 2999 189 3077; x_wconf 87' lang='lat' dir='ltr'><strong>solebat,</strong></span> <span class='ocrx_word' id='word_1_239' title='bbox 226 2999 304 3080; x_wconf 92' lang='lat' dir='ltr'><strong>quod</strong></span> <span class='ocrx_word' id='word_1_240' title='bbox 330 3001 415 3062; x_wconf 91' lang='lat' dir='ltr'><strong>nullis</strong></span> <span class='ocrx_word' id='word_1_241' title='bbox 450 2999 659 3060; x_wconf 88' lang='lat' dir='ltr'><strong>calamitatibus</strong></span> <span class='ocrx_word' id='word_1_242' title='bbox 691 2998 814 3077; x_wconf 93' lang='lat' dir='ltr'><strong>publicis</strong></span> <span class='ocrx_word' id='word_1_243' title='bbox 840 2997 1059 3073; x_wconf 85' lang='lat' dir='ltr'><strong>insignirentur;</strong></span> 
     </span>
     <span class='ocr_line' id='line_1_34' title="bbox 54 3081 1060 3163; baseline -0.01 -17"><span class='ocrx_word' id='word_1_244' title='bbox 54 3085 182 3161; x_wconf 79' lang='lat' dir='ltr'><strong>Augusti</strong></span> <span class='ocrx_word' id='word_1_245' title='bbox 212 3086 403 3163; x_wconf 91' lang='lat' dir='ltr'><strong>principatum</strong></span> <span class='ocrx_word' id='word_1_246' title='bbox 431 3082 513 3144; x_wconf 90' lang='lat' dir='ltr'><strong>clade</strong></span> <span class='ocrx_word' id='word_1_247' title='bbox 541 3084 683 3157; x_wconf 87' lang='lat' dir='ltr'><strong>Variana,</strong></span> <span class='ocrx_word' id='word_1_248' title='bbox 713 3081 811 3142; x_wconf 82' lang='lat' dir='ltr'><strong>&#39;liberi</strong></span> <span class='ocrx_word' id='word_1_249' title='bbox 840 3082 921 3140; x_wconf 88' lang='lat' dir='ltr'><strong>ruina</strong></span> <span class='ocrx_word' id='word_1_250' title='bbox 947 3085 1060 3156; x_wconf 92' lang='lat' dir='ltr'><strong>specta·</strong></span> 
     </span>
     <span class='ocr_line' id='line_1_35' title="bbox 56 3162 1061 3247; baseline -0.011 -17"><span class='ocrx_word' id='word_1_251' title='bbox 56 3168 188 3230; x_wconf 91' lang='lat' dir='ltr'><strong>culorum</strong></span> <span class='ocrx_word' id='word_1_252' title='bbox 203 3168 278 3247; x_wconf 91' lang='lat' dir='ltr'><strong>apud</strong></span> <span class='ocrx_word' id='word_1_253' title='bbox 294 3168 418 3229; x_wconf 81' lang='lat' dir='ltr'><strong>Fidenas</strong></span> <span class='ocrx_word' id='word_1_254' title='bbox 434 3166 650 3226; x_wconf 90' lang='lat' dir='ltr'><strong>memorabilem</strong></span> <span class='ocrx_word' id='word_1_255' title='bbox 665 3165 787 3240; x_wconf 86' lang='lat' dir='ltr'><strong>iactum,</strong></span> <span class='ocrx_word' id='word_1_256' title='bbox 817 3181 869 3224; x_wconf 91' lang='lat' dir='ltr'><strong>suo</strong></span> <span class='ocrx_word' id='word_1_257' title='bbox 885 3162 1061 3222; x_wconf 86' lang='lat' dir='ltr'><strong>oblivionem</strong></span> 
     </span>
     <span class='ocr_line' id='line_1_36' title="bbox 17 3244 1061 3331; baseline -0.009 -20"><span class='ocrx_word' id='word_1_258' title='bbox 17 3253 206 3312; x_wconf 78' lang='lat' dir='ltr'><strong>tsimminere</strong></span> <span class='ocrx_word' id='word_1_259' title='bbox 235 3254 431 3331; x_wconf 90' lang='lat' dir='ltr'><strong>prosperitate</strong></span> <span class='ocrx_word' id='word_1_260' title='bbox 461 3266 571 3318; x_wconf 85' lang='lat' dir='ltr'><strong>rerum;</strong></span> <span class='ocrx_word' id='word_1_261' title='bbox 601 3258 687 3326; x_wconf 88' lang='lat' dir='ltr'><strong>atque</strong></span> <span class='ocrx_word' id='word_1_262' title='bbox 708 3247 861 3309; x_wconf 86' lang='lat' dir='ltr'><strong>identidem</strong></span> <span class='ocrx_word' id='word_1_263' title='bbox 884 3244 1061 3306; x_wconf 84' lang='lat' dir='ltr'><strong>exercituum</strong></span> 
     </span>
     <span class='ocr_line' id='line_1_37' title="bbox 56 3330 1061 3416; baseline -0.009 -21"><span class='ocrx_word' id='word_1_264' title='bbox 56 3335 180 3411; x_wconf 86' lang='lat' dir='ltr'><strong>caedes,</strong></span> <span class='ocrx_word' id='word_1_265' title='bbox 204 3336 321 3414; x_wconf 82' lang='lat' dir='ltr'><strong>famem,</strong></span> <span class='ocrx_word' id='word_1_266' title='bbox 344 3334 551 3416; x_wconf 88' lang='lat' dir='ltr'><strong>pestilentiam,</strong></span> <span class='ocrx_word' id='word_1_267' title='bbox 573 3331 720 3408; x_wconf 90' lang='lat' dir='ltr'><strong>incendia,</strong></span> <span class='ocrx_word' id='word_1_268' title='bbox 745 3331 849 3392; x_wconf 90' lang='lat' dir='ltr'><strong>hiatum</strong></span> <span class='ocrx_word' id='word_1_269' title='bbox 865 3330 989 3408; x_wconf 92' lang='lat' dir='ltr'><strong>aliquem</strong></span> <span class='ocrx_word' id='word_1_270' title='bbox 1004 3335 1061 3387; x_wconf 87' lang='lat' dir='ltr'><strong>ter·</strong></span> 
     </span>
     <span class='ocr_line' id='line_1_38' title="bbox 55 3419 259 3498; baseline -0.02 -18"><span class='ocrx_word' id='word_1_271' title='bbox 55 3437 108 3480; x_wconf 88' lang='lat' dir='ltr'><strong>rae</strong></span> <span class='ocrx_word' id='word_1_272' title='bbox 132 3419 259 3498; x_wconf 89' lang='lat' dir='ltr'><strong>optabat.</strong></span> 
     </span>
     <span class='ocr_line' id='line_1_39' title="bbox 123 3496 1105 3584; baseline -0.012 -21"><span class='ocrx_word' id='word_1_273' title='bbox 123 3504 254 3563; x_wconf 82' lang='lat' dir='ltr'><strong>Animum</strong></span> <span class='ocrx_word' id='word_1_274' title='bbox 273 3521 388 3584; x_wconf 92' lang='lat' dir='ltr'><strong>quoque</strong></span> <span class='ocrx_word' id='word_1_275' title='bbox 411 3503 565 3562; x_wconf 90' lang='lat' dir='ltr'><strong>remittenti</strong></span> <span class='ocrx_word' id='word_1_276' title='bbox 586 3499 713 3579; x_wconf 88' lang='lat' dir='ltr'><strong>ludoque</strong></span> <span class='ocrx_word' id='word_1_277' title='bbox 737 3508 765 3560; x_wconf 89' lang='lat' dir='ltr'><strong>et</strong></span> <span class='ocrx_word' id='word_1_278' title='bbox 788 3498 881 3580; x_wconf 94' lang='lat' dir='ltr'><strong>epulis</strong></span> <span class='ocrx_word' id='word_1_279' title='bbox 896 3496 992 3557; x_wconf 90' lang='lat' dir='ltr'><strong>dedito</strong></span> <span class='ocrx_word' id='word_1_280' title='bbox 1014 3498 1105 3554; x_wconf 76' lang='lat' dir='ltr'><strong>ea-3t</strong></span> 
     </span>
    </p>
   </div>
   <div class='ocr_carea' id='block_1_4' title="bbox 0 0 1136 3930">
    <p class='ocr_par' dir='ltr' id='par_1_8' title="bbox 0 0 1136 3930">
     <span class='ocr_line' id='line_1_40' title="bbox 0 0 1136 3930; baseline 0 0"><span class='ocrx_word' id='word_1_281' title='bbox 0 0 1136 3930; x_wconf 95' lang='lat' dir='ltr'><strong> </strong></span> 
     </span>
    </p>
   </div>
  </div>
 </body>
</html>
