2286 3944
331 259 436 307 nrvcs
456 257 644 307 scansurus.
960 247 1001 308 53

10 416 194 495 uperposuit,
223 413 389 474 translatam
415 431 431 472 e
458 413 551 489 curia,
580 414 609 471 in
638 430 692 492 qua
718 410 751 471 G.
778 410 886 472 Caesar
906 411 1002 474 luerat

10 500 121 560 recisus.

51 582 195 660 Pleraque
224 580 343 659 pessimi
369 579 497 657 exempli
533 582 561 638 in
588 579 746 658 perniciem
779 578 923 657 publicam
954 589 1042 644 antbt

11 686 31 726 x
62 663 270 726 cousuetudine
300 663 474 741 licentiaque
507 662 650 722 bellorum
679 663 802 722 civilium
827 663 1000 723 duraverant
1029 677 1036 690 ·

10 757 42 809 ,ut
56 768 110 829 per
130 767 233 828 pacem
259 748 343 807 etiarn
364 750 532 816 extiteraut;
566 765 631 805 nam
653 754 681 805 et
701 764 803 823 grassa
825 755 917 806 torum
937 748 999 826 plu·

10 835 55 893 imi
83 831 177 911 palam
204 850 237 892 se
262 830 396 891 ferebant
424 831 565 890 succincti
592 830 689 906 ferro,
725 831 805 908 quasi
834 831 931 890 tuendi
957 833 1000 889 sui

11 935 96 993 ausa,
128 925 157 976 et
186 916 262 994 rapti
283 934 337 994 per
361 931 448 991 agros
470 916 599 974 viatores
625 915 689 973 sinc
722 914 885 973 discrimine
914 913 1000 972 liberi

10 1002 130 1079 ervique
143 999 299 1078 ergastulis
317 1015 520 1078 possessorum
537 996 802 1076 supprimebantur,
818 1007 847 1057 et
861 997 1000 1076 plurimae

10 1085 137 1145 actiones
152 1083 234 1143 titulo
251 1082 360 1160 collegi
381 1082 449 1140 novi
472 1082 507 1141 ad
523 1081 628 1140 nullius
643 1099 701 1141 non
716 1081 856 1141 facinoris
875 1083 999 1140 societa-

10 1185 52 1228 em
70 1166 195 1227 coibant.
218 1166 309 1243 Igitur
324 1174 506 1242 grassaturas
522 1165 672 1244 dispositis
685 1183 739 1245 per
751 1174 915 1244 opportuna
932 1165 999 1224 loca

10 1250 162 1312 tutioribus
183 1249 317 1327 inhibuit,
346 1250 493 1325 ergastula
512 1251 702 1326 recognovit,
725 1249 853 1326 collegia
882 1257 999 1326 praeter

11 1337 107 1414 ntiqua
124 1343 153 1394 et
167 1334 297 1411 legitima
313 1333 455 1393 dissolvit.
490 1332 614 1393 Tabulas
631 1343 759 1393 veterum
777 1334 871 1393 aerari
887 1332 997 1392 debito-

10 1438 68 1496 nm,
85 1418 131 1477 rel
148 1421 332 1497 praecipuam
349 1417 536 1476 calumniandi
550 1420 715 1494 materiam,
737 1418 860 1487 exussit;
885 1416 953 1476 loca
970 1419 998 1474 in

10 1502 63 1562 rbe
86 1501 204 1580 publica
225 1501 295 1560 iuris
316 1500 457 1578 ambigui,
484 1501 704 1579 possessoribus
726 1501 911 1568 adiudicavit;
938 1500 997 1560 diu·

10 1603 140 1646 urnorum
154 1602 270 1645 reorum
285 1594 314 1644 et
328 1603 365 1644 ex
381 1603 500 1662 quorum
515 1585 647 1644 sordibus
664 1585 733 1644 nihil
755 1585 830 1645 aliud
848 1603 930 1664 quam
946 1601 996 1644 vo·

10 1678 87 1748 uptas
102 1670 225 1728 inimicis
239 1677 430 1747 quaereretur
446 1671 559 1728 nomina
577 1669 720 1746 abolevit,
739 1668 911 1729 condicione
928 1685 996 1748 prc-

10 1755 97 1829 ositu,
117 1761 147 1812 ut
162 1753 187 1811 si
202 1770 286 1832 quem
300 1753 363 1831 quis
380 1761 517 1831 repetere
529 1753 628 1831 vellet,
646 1772 698 1832 par
712 1753 869 1832 periculum
882 1769 996 1832 poenae

10 1837 112 1896 ubiret.
149 1835 194 1895 Ne
216 1836 293 1914 quod
313 1844 407 1896 autem
430 1837 601 1896 maleficium
626 1840 811 1914 negotiumve
838 1837 997 1915 inpunitate

10 1921 40 1980 ‘el
54 1937 135 1980 mora
150 1919 329 1996 elaberetur,
356 1920 472 1996 triginta
488 1921 608 2000 amplius
623 1920 701 1994 dies,
723 1923 771 1999 qui
786 1920 938 1979 honoraris
954 1919 995 1977 lu·

10 2006 36 2063 ,is
56 2002 290 2083 occupabantur,
307 2005 381 2063 actui
396 2021 492 2062 rerum
510 2004 746 2064 accommodavit.
780 2003 826 2062 Ad
852 2005 904 2061 tris
927 2001 995 2060 iudi-

11 2106 55 2148 um
76 2086 208 2147 decurias
230 2095 359 2166 quartam
380 2087 487 2147 addidit
506 2106 543 2146 ex
563 2088 701 2146 inferiore
724 2105 829 2163 censu,
852 2103 925 2164 quae
948 2084 995 2144 du-

12 2173 173 2231 enariorum
201 2168 358 2231 vocaretur
385 2171 582 2249 iudicaretque
610 2169 646 2230 de
678 2170 838 2229 levioribus
870 2170 995 2228 summis.

10 2256 105 2315 udices
122 2255 309 2315 avicensimo
325 2255 427 2315 aetatis
450 2272 523 2314 anno
539 2254 662 2331 adlegit,
690 2253 717 2312 id
742 2262 786 2313 est
802 2253 996 2332 quinquennio

10 2341 126 2400 saturius
149 2356 232 2418 quam
252 2337 396 2398 solebant.
431 2339 477 2398 Ac
499 2339 648 2417 plerisque
670 2338 811 2398 iudicandi
832 2356 931 2397 munus
947 2336 996 2396 de·

10 2421 197 2501 ructantibus,
217 2423 267 2482 vix
281 2423 429 2482 concessit
448 2432 479 2482 ut
494 2422 616 2500 singulis
632 2422 757 2482 decuriis
778 2440 832 2502 per
847 2423 929 2481 vices
945 2439 996 2481 an·

10 2526 45 2568 ua
65 2507 180 2567 vacatio
202 2515 294 2584 esset,
317 2515 347 2566 et
366 2515 396 2566 ut
418 2507 521 2566 solitae
543 2508 590 2584 agi
605 2505 765 2567 Novembri
789 2525 823 2567 ac
839 2504 995 2566 Decembri

10 2608 90 2650 rensc
105 2608 154 2650 res
170 2591 378 2651 omitterentur.
414 2589 481 2670 lpse
503 2592 546 2650 ius
567 2591 637 2651 dixit
652 2591 766 2653 assidue
790 2601 819 2651 et
834 2594 861 2650 in
877 2600 992 2651 noctem
1003 2597 1037 2651 33

10 2691 214 2753 onnumquam,
230 2676 369 2754 siparum
386 2692 512 2754 corpore
528 2676 655 2753 valeret,
672 2676 776 2736 lectica
791 2694 843 2755 pro
861 2673 996 2734 tribunali

10 2758 136 2818 ollocata
161 2757 209 2818 vel
232 2759 317 2819 etiam
339 2759 414 2818 domi
436 2759 552 2818 cubans.
591 2759 669 2819 Dixit
690 2769 784 2820 autem
803 2761 845 2818 ius
860 2777 917 2818 non
932 2756 994 2815 dili·

10 2843 92 2901 'entia
108 2841 193 2902 modo
209 2860 315 2902 summa
337 2842 387 2902 sed
411 2851 440 2901 et
454 2843 590 2920 lenitate,
614 2844 752 2922 siquidem
768 2843 911 2903 manifesti
929 2858 994 2920 par-

10 2925 81 2984 icidii
96 2945 193 3003 reum,
214 2944 251 2986 ne
267 2926 361 2985 culleo
380 2929 555 3006 insueretur,
581 2928 657 3006 quod
672 2929 786 2987 nonnisi
802 2926 930 2986 confessi
946 2923 994 2983 ad·

12 3010 122 3069 ciuntur
144 3009 200 3069 hac
226 3027 336 3088 poena,
358 3011 396 3071 ita
416 3011 508 3070 fertur
527 3013 743 3088 interrogasse:
772 3017 853 3071 certe
872 3014 994 3088 patrem

10 3112 71 3153 tum
91 3111 154 3154 nors
176 3093 339 3154 occidisti?
371 3094 408 3154 Εἰ
435 3113 498 3154 cum
518 3095 555 3154 de
570 3095 646 3154 falso
667 3103 840 3155 testamento
858 3100 996 3170 ageretur

10 3195 149 3256 mnesque
169 3179 334 3255 signatores
357 3179 426 3256 lege
449 3176 585 3238 Cornelia
606 3188 788 3254 tenerentur,
814 3195 872 3236 nou
888 3184 994 3236 tantum

10 3279 59 3320 uras
81 3261 225 3337 tabellas,
252 3262 457 3322 damnatoriam
479 3271 508 3322 et
531 3263 751 3338 absolutorium,
778 3261 859 3320 simul
883 3276 993 3338 cogno·

10 3345 137 3404 rentibus
160 3344 255 3422 dedit,
277 3345 329 3406 sed
353 3347 463 3406 tertiam
485 3363 617 3424 quoque,
645 3364 699 3424 qua
723 3347 926 3422 ignosceretur
946 3346 992 3422 iis,

10 3446 60 3489 uos
81 3428 183 3488 fraude
203 3429 238 3490 ad
258 3430 426 3506 signandum
448 3430 495 3488 vel
524 3445 624 3489 errore
651 3429 783 3490 inductus
807 3431 993 3490 constitisset.
1073 3484 1076 3488 .

11 3512 213 3594 ppellationes
226 3522 296 3594 quot
311 3516 392 3574 annis
406 3513 578 3574 urbanorum
590 3514 704 3593 quidem
719 3515 894 3592 litigatorum
909 3531 992 3594 prae-
