2286 3944
164 204 225 266 146
256 215 287 263 3.
300 213 450 262 sunnonr
467 212 596 274 33333.
610 212 658 260 nu
671 212 757 260 urus
771 213 967 266 33333333
981 219 1131 268 n1n.1m.

162 369 298 433 auxilium
312 375 552 444 accucurrerunt,
579 384 649 427 mox
662 367 797 429 Germani
812 371 953 448 corporis
969 371 1120 451 custodes,

161 452 317 514 nonnullos
344 470 382 512 ex
407 450 648 532 percussoribus,
675 451 815 531 quosdam
842 456 931 514 etiam
960 465 1142 518 senatoresr

161 539 266 598 noxios
281 538 499 596 interemerunt.

118 632 153 686 59
224 622 306 680 Vixit
321 622 403 681 aunis
418 621 520 696 viginti
539 635 659 695 novem,
691 620 846 698 imperavit
866 623 998 685 triennio
1026 633 1058 684 et
1077 625 1139 684 dec

161 703 310 765 mensibus
332 704 491 783 diebusque
509 712 587 763 octo.
633 701 764 776 Cadaver
779 705 841 764 eius
858 705 935 765 clam
955 710 986 767 in
1002 708 1108 769 hortos
1123 709 1141 768 L

161 791 274 849 mianos
292 798 485 867 asportatum,
517 796 547 847 et
567 787 748 846 tumultuario
764 805 841 865 rogo
861 793 1105 852 semiambustum
1118 793 1143 852 b

164 875 296 952 caespite
314 872 446 932 obrutum
462 880 522 946 est,
547 879 651 949 postea
664 888 718 949 per
732 889 852 931 sorores
869 873 905 933 ab
923 877 1018 937 exilio
1041 895 1140 937 revers

163 966 275 1018 erutum
290 964 320 1016 et
336 964 491 1018 crematum
504 954 714 1035 sepultumque.
746 956 823 1016 Satis
844 967 974 1036 constat,
993 963 1078 1039 prius
1134 986 1137 1011 ι

163 1040 193 1101 id
215 1041 298 1100 fleret
315 1039 463 1100 hortorum
483 1037 620 1098 custodes
640 1037 747 1098 umbris
768 1040 960 1119 inquietatos;
993 1046 1024 1103 13
1048 1064 1085 1105 33
1107 1064 1139 1124 qu

163 1143 221 1204 que
243 1123 348 1200 domo,
378 1125 407 1183 in
429 1141 485 1202 qua
507 1123 693 1199 occubuerit,
719 1122 825 1182 nullam
842 1134 963 1186 noctem
989 1129 1142 1189 31333113

162 1218 278 1268 terrore
300 1215 490 1282 transactam,
518 1206 613 1266 donee
636 1209 700 1287 ipsa
717 1206 818 1266 domus
838 1209 978 1270 incendio
1003 1230 1142 1291 consump

163 1294 210 1351 sit.
255 1291 333 1352 Perit
355 1308 410 1349 una
436 1299 465 1349 et
491 1306 564 1348 uxor
580 1289 724 1352 Caesonia
746 1290 843 1368 gladio
866 1311 883 1352 3
906 1297 1086 1357 centurione
1108 1315 1140 1357 33

162 1375 259 1448 13333,
281 1382 310 1432 et
326 1373 383 1432 11113
398 1374 501 1451 parieti
516 1373 611 1433 inlisa.

119 1465 155 1520 oo
224 1455 426 1516 Conditionem
440 1466 603 1536 temporum
618 1456 733 1518 illorum
747 1459 831 1520 etiam
851 1477 905 1539 per
923 1459 1002 1523 haec
1017 1467 1132 1524 aestim

161 1541 254 1619 quivis
269 1542 372 1619 possit.
406 1541 480 1602 Nam
494 1559 591 1620 neque
607 1541 698 1602 caede
712 1541 828 1619 vulgata
844 1543 938 1603 statim
957 1546 1102 1609 creditum
1116 1568 1141 1608 e:

160 1624 271 1702 fuitque
299 1625 437 1704 suspitio,
469 1626 504 1685 ab
527 1628 592 1704 ipso
615 1625 686 1687 Gaio
707 1627 811 1686 famam
832 1626 930 1687 caedis
958 1631 1125 1693 simulatam

162 1710 311 1785 emissam,
342 1718 431 1769 uteo
455 1719 542 1788 pacto
558 1709 702 1769 bominum
723 1728 794 1787 erga
815 1729 847 1770 se
871 1720 985 1773 mentes
1008 1715 1140 1796 deprehe

162 1791 258 1862 deret:
290 1810 385 1870 neque
401 1795 542 1853 coniurati
565 1795 696 1872 cuiquam
713 1796 861 1873 imperium
882 1794 1120 1869 destinaverunt:

162 1885 280 1937 senatus
295 1879 324 1937 in
350 1877 507 1938 asserenda
528 1877 663 1938 libertate
685 1877 758 1938 adeo
780 1880 943 1955 consensit,
978 1891 1010 1941 ut
1032 1884 1136 1943 consui

164 1963 257 2041 primo
281 1979 339 2022 non
360 1963 528 2038 incuriam,
559 1963 625 2039 quia
650 1960 722 2022 13113
750 1962 924 2040 vocabatur,
957 1965 1061 2026 sedin
1086 1966 1138 2027 Ga

163 2046 263 2106 tolinm
281 2049 481 2124 convocarint,
509 2045 622 2124 quidam
639 2063 710 2105 vero
729 2047 888 2106 sententiae
904 2046 975 2109 loeo
994 2048 1133 2111 aboleni

165 2129 321 2191 Caesarum
336 2133 502 2192 memoriam
517 2147 552 2190 33
572 2129 709 2190 diruenda
724 2129 831 2208 templa
848 2134 1025 2193 censuerint.
1062 2135 1139 2195 Obse

164 2223 259 2274 vatum
288 2224 382 2276 autem
410 2223 593 2293 notatumque
611 2222 656 2274 est
682 2215 711 2273 in
736 2214 849 2293 primis,
881 2212 1028 2277 Caesares
1056 2236 1132 2279 omn

163 2298 266 2377 quibus
291 2298 343 2359 Gai
367 2316 544 2378 praenomen
568 2297 669 2374 fuerit,
693 2297 772 2358 ferro
799 2298 931 2376 perisse,
962 2301 1021 2361 iam
1041 2301 1137 2364 inde·

161 2397 216 2457 eo,
246 2383 294 2460 qui
312 2381 448 2442 Cinnanis
463 2381 641 2461 temporibus
655 2383 692 2442 sit
706 2383 830 2442 occisus.
