2256 3930
709 52 895 75 ...ψ-..ιιι
963 60 980 65 -.
1022 57 1024 60 ⁴

111 337 151 398 to
195 345 225 394 c.
239 343 389 393 suuuour
406 343 534 402 nanno.
551 342 598 389 ott
611 341 695 389 vina
708 340 895 391 ansanum
909 342 980 391 uns.
993 342 1031 390 ιι.

111 503 206 578 neris,
226 502 255 559 in
270 496 454 577 deprecanda
476 498 614 575 graviore
633 496 765 557 adulterii
786 515 882 578 poena
899 506 1019 579 praeter
1039 507 1115 560 aeta·

110 596 169 648 tem
183 594 268 664 atque
282 580 393 642 natales
407 582 466 641 boc
480 599 596 661 quoquo
610 581 740 660 patribus
762 584 941 662 conscriptis
961 581 1116 662 allegaret,

111 688 178 732 esse
194 683 400 749 possessorem
418 683 454 726 ac
469 665 550 726 velut
568 665 711 726 aedituum
730 665 803 743 soli,
826 665 905 746 quod
924 668 1049 747 primum
1067 667 1115 727 Di·

111 773 164 817 rus
183 753 332 831 Augustus
354 768 479 811 nascens
507 751 666 827 attigisset,
700 758 875 830 peteretque
901 749 1004 813 donari
1035 752 1116 831 quasi

111 839 233 922 proprio
254 853 307 896 suo
327 853 362 896 ac
382 833 523 914 peculiari
548 834 621 912 deo,
648 834 796 895 decretum
816 843 862 894 est
881 843 912 895 ut
931 852 968 896 ea
980 853 1051 917 pars
1067 835 1116 896 do·

85 921 174 984 6mus
202 929 433 982 consecraretur.
469 917 714 979 Nutrimentorum
742 921 805 979 eius
833 919 997 980 ostenditur
1023 919 1119 981 adbuc

111 1010 195 1071 locus
215 1007 243 1065 in
262 1007 340 1066 avito
367 1002 532 1063 suburbano
553 1005 632 1063 iuxta
652 1003 782 1065 Velitras
801 1003 988 1083 permodicus
1010 1012 1042 1065 et
1061 1004 1119 1064 cel-

111 1093 157 1155 lae
179 1092 335 1171 penuariae
360 1090 466 1165 instar,
493 1096 631 1167 tenetque
652 1090 829 1148 vicinitatem
853 1089 955 1168 opinio
977 1097 1122 1169 tamqnam

112 1186 142 1238 et
158 1184 241 1236 uatus
257 1173 297 1233 ibi
313 1174 359 1232 sit.
387 1172 450 1232 lluc
466 1174 588 1231 introire
609 1173 664 1231 nisi
679 1173 850 1233 necessario
866 1181 898 1233 et
914 1181 996 1233 caste
1011 1173 1122 1251 religio

113 1271 174 1337 est,
205 1266 350 1336 concepta
380 1258 517 1336 opinione
546 1258 656 1334 veteri,
693 1258 775 1337 quasi
803 1265 914 1317 temere
947 1256 1123 1318 adeuntibus

112 1345 219 1406 horror
243 1341 356 1422 quidam
383 1349 412 1400 et
433 1349 526 1401 metus
550 1341 710 1419 obiciatur,
740 1340 793 1401 sed
807 1349 837 1400 et
854 1357 925 1402 mox
939 1343 1124 1403 confirmata.

113 1429 185 1490 Nam
206 1445 270 1487 cum
292 1442 451 1505 possessor
476 1425 564 1485 villae
588 1442 680 1485 novus
708 1443 760 1485 seu
784 1425 862 1486 iorte
883 1443 936 1485 seu
962 1425 1125 1506 temptandi

116 1532 202 1574 causa
220 1510 344 1570 cubitum
361 1527 394 1567 se
411 1527 447 1568 eo
465 1509 651 1587 contulisset,
676 1511 774 1570 evenit
793 1518 824 1569 ut
845 1517 914 1590 post
930 1512 1125 1591 paucissimas

114 1598 210 1657 noetis
225 1594 313 1653 horas
333 1592 501 1652 exturbatus
523 1594 589 1653 inde
610 1593 703 1654 subita
726 1596 756 1654 vi
777 1602 807 1653 et
827 1597 940 1656 incerta
962 1613 1061 1674 paene
1079 1613 1125 1654 se-

115 1679 255 1739 mianimis
272 1695 336 1736 cum
351 1685 441 1737 strato
455 1679 538 1737 simul
554 1687 620 1738 ante
635 1679 718 1738 iores
732 1679 920 1739 inveniretur.

89 1763 105 1819 7
178 1762 282 1823 infanti
304 1779 468 1838 cognomen
496 1761 657 1823 Thurino
677 1762 795 1822 inditum
816 1772 877 1842 est,
899 1765 928 1823 in
952 1767 1126 1826 memoriam

116 1849 256 1909 maiorum
275 1847 406 1924 originis,
430 1845 478 1905 vel
497 1846 575 1925 quod
592 1849 716 1924 regiona
734 1847 860 1908 Thurina
875 1866 982 1908 recens
999 1866 1037 1909 co
1055 1858 1125 1910 nato

117 1941 200 2012 pater
230 1929 367 1991 Octavius
390 1929 529 1991 adversus
556 1931 696 2009 fugitivos
723 1948 785 1991 rem
808 1949 953 2012 prospere
975 1942 1124 2010 gesserat.

117 2016 273 2078 Thurinum
295 2016 527 2091 cognominatum
550 2017 620 2075 satis
644 2024 725 2076 certa
747 2016 921 2096 probatione
943 2016 1124 2094 tradiderim,

117 2108 219 2162 nactus
237 2099 376 2179 puerilem
398 2099 608 2176 imagunculam
625 2101 688 2159 eius
706 2118 822 2161 aeream
843 2110 992 2179 ueterem,
1015 2102 1124 2162 ferreis

118 2194 147 2246 et
163 2202 256 2264 paene
278 2185 334 2244 iam
351 2182 589 2243 exolescentibus
611 2183 714 2244 litteris
732 2184 790 2245 boc
807 2187 923 2245 nomine
940 2188 1124 2266 inscriptam,

119 2287 192 2350 quae
216 2267 293 2328 dono
313 2286 329 2327 a
353 2285 399 2326 me
427 2269 550 2346 principi
569 2267 634 2328 data
660 2271 735 2328 inter
757 2268 883 2329 cubiculi
898 2269 988 2330 Lares
1006 2271 1125 2330 colitur.

119 2352 230 2413 Sedet
257 2370 273 2412 a
298 2351 336 2412 bl.
360 2350 489 2412 Antonio
518 2354 546 2410 in
570 2353 704 2431 epistolis
730 2371 785 2432 per
807 2353 1010 2414 contumeliam
1032 2373 1128 2434 saep·

119 2437 261 2498 Thurinus
285 2435 462 2514 appellatur,
494 2438 604 2516 etipse
630 2437 699 2496 nihil
723 2437 845 2516 amplius
869 2456 953 2518 qnam
970 2440 1070 2499 mirari
1092 2458 1121 2497 s·

118 2520 271 2595 rescribit,
302 2537 356 2596 pro
384 2518 544 2597 obprobrio
574 2520 628 2580 sibi
651 2523 731 2601 prius
759 2540 864 2582 nomen
888 2523 976 2583 obici.
1015 2523 1119 2585 Poste

119 2604 182 2665 (lai
209 2600 386 2662 Caesaris
410 2611 439 2662 et
461 2602 565 2662 deinde
590 2604 749 2683 Augusti
772 2624 937 2684 cognomen
955 2610 1114 2687 assumpsit

119 2687 240 2748 alterum
258 2694 429 2746 testamento
447 2689 564 2748 maioris
583 2690 733 2768 avunculi,
756 2690 877 2753 alterum
897 2692 1004 2753 Munati
1022 2693 1114 2752 Planc

120 2771 280 2847 sententia,
305 2789 382 2848 cum,
405 2770 573 2850 quibasdam
592 2774 777 2834 censentibus
801 2776 954 2836 Romulum
978 2776 1114 2856 appellar

120 2864 261 2936 oportere
273 2857 354 2934 quasi
367 2863 396 2915 et
411 2857 505 2935 ipsum
526 2857 705 2918 conditorem
723 2858 818 2936 urbis,
841 2860 1071 2939 praevaluisset,
1094 2879 1113 2919 u

119 2941 268 3017 Augustus
287 2941 384 3018 potius
402 2950 573 3019 vocaretur,
592 2959 651 3001 non
669 2951 775 3002 tantum
793 2961 872 3004 novo
891 2944 944 3004 sed
966 2948 1051 3005 etiam
1067 2963 1112 3005 am

120 3026 216 3105 pliore
230 3027 419 3101 cognomine,
446 3025 534 3104 [quod
554 3026 621 3086 loca
636 3044 753 3105 quoque
770 3028 911 3105 religiosa
925 3036 954 3087 et
972 3031 1001 3088 in
1020 3030 1122 3108 quibu

120 3117 260 3186 augurato
275 3108 341 3187 quid
355 3119 545 3168 consecratur
556 3120 678 3186 augusta
695 3111 841 3188 dicantur,
864 3112 899 3172 ab
915 3121 1000 3174 auctu
1018 3114 1067 3173 vel
1089 3133 1105 3174 a

120 3195 213 3254 avium
239 3202 324 3269 gestu
348 3203 487 3271 gestuve,
510 3195 584 3253 sicut
617 3197 701 3255 etiam
728 3195 838 3254 Ennius
860 3197 948 3256 docet
975 3197 1109 3257 scribens

173 3282 295 3353 Augusto
316 3285 431 3355 cupario
446 3289 594 3354 postquam
615 3286 715 3355 t‘nclyta
738 3286 846 3340 condito
865 3285 955 3341 Romo
976 3283 1038 3359 est]

95 3369 113 3423 e
188 3361 358 3436 Quadrimus
386 3371 497 3442 patrem
529 3365 631 3423 amisit.
665 3364 873 3424 Duodecimum
903 3383 1006 3426 annum
1033 3385 1109 3442 agen

121 3446 212 3505 aviam
231 3445 330 3507 luliam
348 3447 512 3508 defunctam
529 3465 583 3526 pro
607 3450 745 3507 contione
762 3448 897 3509 laudavit.
927 3450 1117 3524 Quadrienni

121 3537 190 3607 post
210 3530 285 3589 virili
304 3541 374 3608 toga
391 3542 519 3611 sumpta,
543 3532 713 3593 militaribus
730 3532 815 3592 donis
831 3534 975 3614 triumpho
988 3533 1120 3596 Caesari

121 3609 262 3672 Africano
282 3613 402 3675 donatus
421 3626 482 3694 est,
507 3635 667 3696 quanquam
686 3635 794 3697 expers
816 3616 887 3677 belli
905 3627 1029 3699 propter
1046 3630 1121 3682 aeta-
