2256 3930
112 270 152 334 68
197 283 227 332 o.
243 284 392 333 sunnoxr
411 286 539 345 nanae.
555 286 603 332 nn
618 285 701 332 urna
717 286 904 337 cansam
917 290 990 336 nra.
1006 291 1044 337 11.

111 439 152 497 ris
170 439 329 516 suspitione
346 448 374 498 et
392 439 469 518 quod
484 439 640 500 Marcellus
655 440 709 499 sibi
726 441 933 519 anteferretur,
959 442 1112 518 Mytilenas

112 540 144 581 se
168 521 277 581 relictis
300 523 430 582 omnibus
452 523 638 600 contulisset,
663 523 711 582 hic
734 533 879 584 secretum
905 524 942 585 de
964 539 1112 607 comperta

111 604 248 665 blurenae
263 607 458 667 coniuratione
474 608 556 665 uxori
571 607 724 666 Terentiae
740 607 925 686 prodidisset.

175 688 283 765 Exegit
300 699 328 748 et
344 692 408 768 ipse
421 691 449 748 in
462 691 556 748 vicem
570 689 606 750 ab
623 692 722 750 amicis
737 691 964 752 benivolentiam
979 705 1110 772 mutuam,

111 781 168 832 tarn
188 791 204 832 a
227 772 368 831 defunctis
391 792 474 851 quam
490 792 505 832 a
523 774 606 832 vivis.
650 773 723 833 Nam
745 775 875 852 quamvis
889 777 1007 836 minime
1026 797 1126 858 appel

111 864 187 915 teret
202 855 387 933 hereditates,
404 866 432 916 nt
448 858 494 936 qui
506 875 656 935 nmnquam
668 875 706 916 ex
716 858 809 934 ignoti
819 867 994 921 testamento
1007 880 1110 940 capere

112 940 263 1018 quicquam
279 943 453 1016 sustinuerit,
469 942 625 1000 amicorum
640 951 734 999 tamen
750 960 883 1020 suprema
898 943 1005 1004 iudicia
1020 963 1110 1007 moro-

112 1025 225 1082 sissime
246 1026 414 1102 pensitavit,
438 1042 532 1102 neque
553 1024 654 1083 dolore
677 1024 870 1102 dissimulato,
892 1027 917 1085 si
932 1029 1053 1105 parcius
1069 1039 1111 1089 aut

112 1109 184 1168 citra
199 1108 340 1167 honorem
355 1108 524 1183 verborum,
540 1126 634 1186 neque
650 1108 770 1184 gaudio,
787 1109 812 1168 si
827 1117 911 1185 grate
925 1111 1037 1190 pieque
1051 1115 1110 1191 quis

111 1210 144 1251 se
160 1201 331 1270 prosecutus
348 1192 459 1251 luisset.
487 1192 596 1268 Legata
612 1191 660 1250 vel
678 1200 776 1269 partes
791 1191 1003 1271 hereditatium,
1022 1213 1039 1255 a
1056 1199 1122 1275 qni-1

111 1274 287 1354 buscumque
311 1275 478 1353 parentibus
501 1275 603 1334 relicta
627 1274 699 1351 sibi,
722 1284 770 1335 aut
784 1277 879 1334 statim
895 1275 998 1337 liberis
1016 1296 1110 1339 eorum

113 1360 293 1435 concedere,
321 1368 367 1418 aut
390 1360 413 1417 si
437 1359 571 1436 pupillari
591 1367 686 1418 aetate
708 1367 822 1435 essent,
843 1359 890 1418 die
912 1360 1004 1420 virilis
1027 1371 1109 1440 togae

112 1442 159 1501 vel
176 1443 335 1520 nuptiarum
352 1460 414 1500 cum
429 1444 606 1501 incremento
621 1443 774 1501 restituere
790 1452 954 1503 consuerat.

70 1534 103 1588 67
176 1524 316 1584 Patronus
338 1525 526 1603 dominusque
550 1542 608 1584 non
628 1527 719 1585 minus
735 1543 856 1584 severus
873 1544 959 1604 quam
974 1528 1073 1588 facilis
1087 1538 1110 1587 et

114 1609 255 1685 clemens,
271 1609 376 1668 multos
392 1609 559 1668 libertorum
576 1610 604 1666 in
621 1609 732 1668 honore
749 1616 778 1667 et
795 1627 848 1667 usu
862 1611 986 1669 maximo
1004 1611 1107 1687 habuit,

113 1701 143 1751 ut
157 1692 283 1752 Licinum
302 1702 331 1752 et
350 1691 486 1753 Celadum
508 1693 649 1770 aliosque.
686 1691 821 1751 Cosmum
843 1710 976 1770 servum,
1001 1699 1108 1770 gravis·

113 1776 236 1835 simodo
254 1795 287 1836 se
310 1778 473 1855 opinantem
496 1794 554 1835 non
574 1776 649 1837 ultra
665 1792 748 1854 quam
763 1775 954 1854 compedibus
972 1781 1108 1838 coercuit.

111 1859 269 1919 Diomeden
292 1860 537 1938 dispensatorem,
560 1878 576 1918 a
598 1878 654 1938 quo
675 1859 758 1918 simul
776 1858 937 1918 ambulante
956 1861 1109 1922 incurrenti

111 1953 232 2022 repente
252 1945 317 2004 fero
333 1961 404 2023 apro
422 1962 475 2022 per
490 1951 595 2002 metum
609 1943 741 2002 obiectus
758 1951 819 2019 est,
840 1942 940 2002 maluit
956 1944 1108 2005 timiditatis

111 2045 234 2104 arguere
250 2046 332 2106 quam
348 2045 453 2104 noxae,
466 2045 584 2104 remque
598 2044 656 2086 non
671 2026 776 2084 minimi
788 2025 920 2104 periculi,
938 2030 1006 2104 quia
1019 2038 1108 2088 tamen

110 2112 189 2170 fraus
215 2110 330 2187 aberat,
361 2114 389 2170 in
409 2113 504 2170 iocum
526 2112 620 2169 vertit.
658 2109 738 2169 Idem
760 2109 861 2169 Polum
882 2127 920 2167 ex
941 2114 1107 2190 acceptissi-

110 2196 163 2253 mis
195 2194 306 2254 libertis
332 2196 404 2254 mori
434 2192 534 2270 coegit
560 2202 736 2271 compertum
760 2192 924 2252 adulterare
949 2203 1107 2263 matronas:

111 2277 212 2336 Thallo
228 2297 244 2337 a
258 2297 357 2354 manu,
384 2277 462 2356 quod
479 2294 532 2355 pro
549 2277 673 2356 epistola
690 2276 803 2354 prodita
819 2275 956 2335 denarios
972 2279 1107 2355 quingen·

110 2369 155 2420 tos
175 2361 349 2438 accepisset,
371 2380 455 2420 crura
470 2362 497 2419 ei
510 2360 615 2437 fregit;
635 2358 838 2438 paedagogum
853 2359 1062 2439 ministrosque
1081 2361 1108 2421 G.

112 2444 162 2519 lili,
179 2462 233 2521 per
247 2447 432 2503 occasionem
446 2444 608 2503 valitudinis
622 2445 780 2521 mortisque
798 2445 860 2503 eius
870 2442 999 2520 superbe
1013 2463 1108 2504 avare·

113 2543 168 2604 que
190 2528 218 2582 in
236 2527 385 2603 provincia
401 2535 565 2604 grassatos,
590 2536 726 2587 oneratos
742 2527 826 2604 gravi
841 2525 973 2605 pondere
992 2531 1109 2588 cervici·
1127 2593 1128 2596 Ἴ

112 2608 165 2667 bus
184 2609 384 2687 praecipitavit
400 2611 428 2668 in
443 2610 555 2669 flumen.

68 2707 103 2760 68
174 2692 266 2752 Prima
277 2694 392 2753 inventa
402 2694 544 2753 variorum
556 2693 731 2753 dedecorum
742 2693 885 2753 infamiam
897 2691 992 2751 subiit.
1008 2696 1109 2754 Sextus

111 2778 264 2855 Pompeius
281 2786 311 2835 ut
326 2777 514 2838 effeminatum
529 2779 686 2837 insectatus
699 2786 757 2843 est:
774 2776 813 2836 Μ.
823 2777 967 2836 Antonius
980 2777 1126 2857 adoptio'

110 2881 175 2923 nem
193 2860 325 2921 avunculi
341 2870 440 2939 stupro
457 2864 600 2929 meritum;
624 2863 691 2919 item
705 2859 736 2919 L.
751 2860 841 2920 blarci
854 2860 946 2919 irater
963 2865 1046 2938 quasi
1063 2882 1110 2941 pu·

111 2948 252 3021 dicitiam,
272 2943 423 3004 delibatam
438 2964 454 3004 a
472 2943 608 3020 Caesare,
627 2944 703 3002 Aulo
721 2945 806 3003 etiam
821 2943 913 3003 Hirtio
932 2945 961 3002 in
973 2943 1111 3024 Hispania

110 3031 248 3093 trecentis
268 3029 382 3088 milibus
403 3047 544 3087 nummum
565 3029 768 3103 substraverit,
790 3027 950 3104 solitusque
973 3031 1012 3087 sit
1031 3047 1112 3088 crura

111 3117 250 3177 suburere
271 3132 344 3173 nuce
367 3112 493 3188 ardenti,
516 3131 572 3189 quo
594 3112 709 3169 mollior
725 3111 800 3188 pilus
815 3119 958 3187 surgeret.
1006 3113 1066 3172 Sed
1088 3122 1113 3172 et

112 3199 236 3280 populus
259 3196 398 3276 quondam
423 3198 574 3254 universus
595 3195 726 3253 ludorum
747 3195 793 3252 die
818 3203 846 3252 et
864 3194 980 3271 accepit
998 3197 1027 3254 in
1046 3215 1110 3255 con·

112 3283 255 3344 tumeliam
283 3283 344 3340 eius
372 3288 400 3338 et
430 3280 553 3339 adsensu
578 3280 700 3336 maximo
727 3277 919 3355 conprobavit
943 3296 1061 3339 versum
1087 3283 1110 3338 in

114 3384 219 3426 scaena
247 3366 457 3443 pronuntiatum
484 3363 520 3422 de
548 3363 625 3438 gallo
648 3361 747 3420 llatris
776 3361 859 3420 derum
883 3364 1110 3439 tympanizante:

69 3457 106 3515 69
116 3449 261 3523 Videsne,
291 3455 325 3509 at
347 3447 494 3508 cinaedos
518 3446 621 3508 orbem
641 3444 736 3522 dipito
764 3446 935 3523 tempserat?
962 3444 1124 3506 Adulteria·

115 3532 228 3613 quidem
245 3534 412 3591 exercuisse
428 3550 464 3590 ne
479 3532 560 3590 amici
578 3528 690 3606 quidem
708 3539 831 3605 negant,
855 3539 1031 3589 excusantes
1044 3550 1111 3591 sane

1115 3900 1118 3925 l
