2286 3944
407 225 611 273 PRAEFATIO.
884 229 954 277 XLV

90 385 201 440 mmunis
223 374 230 461 Ι
253 388 287 442 36
302 381 443 452 Esquilino
465 383 610 440 oodBasil.
633 386 668 441 al.
690 385 758 441 Edd.
781 401 833 458 pro
849 386 950 460 Esqui-

90 471 115 524 io
130 461 143 545 ΙΙ
160 473 220 536 161,
240 473 256 526 6
273 465 377 521 Christo
394 464 520 535 Orosius,
536 469 687 524 Beroaldus
706 460 712 547 Ι
731 475 764 527 12
778 470 949 540 quidarum

91 569 116 607 o.
137 550 309 605 Druidarum
329 548 482 604 Eonotre
494 550 588 620 Dama,
605 553 658 607 ood
669 552 750 609 Basil.
769 553 803 608 al.
820 552 948 608 Erasmus

90 652 103 690 o
122 634 293 688 Driadarum
308 633 354 688 vel
368 631 549 704 Dryadarum
573 628 579 710 Ι
606 640 637 693 17
660 637 706 689 icit
724 635 878 692 Sabellicus
897 653 948 708 pro

90 720 113 772 u't
127 707 142 796 ΙΙ
157 721 222 785 162,
237 722 270 774 16
284 714 420 786 Pompeiis
439 716 605 786 impuberem
625 717 793 774 Torrentius.
814 718 950 789 Pompeiis

92 801 182 855 berem
207 797 313 870 Lipsius
339 815 390 869 pro
410 799 566 868 Pompeium
589 800 723 871 puberem
752 793 756 877 Ι
785 807 819 859 16
842 817 903 856 cum
927 804 953 856 ei

90 883 161 954 osius
177 897 228 953 pro
240 885 286 937 cui
298 888 323 936 el
336 873 349 960 ΙΙ
365 888 424 951 163,
437 888 471 940 28
485 885 621 938 velstenii
634 883 795 944 rariserre.
818 883 949 942 113112.

112 965 180 1020 de.
205 967 289 1019 stanti
306 964 567 1036 EchotreBarne‚
586 966 686 1039 copes.
709 966 782 1023 Frib.
806 965 949 1023 Vindoos.

90 1056 128 1103 rt.
154 1055 179 1104 et
200 1055 317 1103 ceterum
337 1051 421 1102 stanti
441 1049 547 1104 Momm.
568 1050 631 1105 lled
643 1056 669 1108 3.
704 1051 743 1119 ei,
760 1064 855 1106 uerum
871 1051 953 1104 stanti

90 1131 274 1202 [dendorpius.
294 1133 556 1188 etaeterinelstanti
570 1132 711 1191 Vindobl.
726 1132 810 1189 Basil.
832 1138 951 1188 ceterum

90 1217 134 1270 enti
149 1214 307 1272 Exocuiao.
324 1205 338 1293 ΙΙ
352 1219 413 1284 164,
429 1221 445 1272 2
459 1218 593 1287 seaaqeni
607 1215 715 1287 Lipsius
736 1208 741 1294 Ι
759 1223 775 1276 6
789 1218 837 1288 qui
848 1245 883 1256 -
893 1231 951 1271 ues-

90 1305 180 1354 rentur
195 1297 272 1353 Paris
284 1303 362 1357 6116.
379 1298 415 1353 al.
430 1298 497 1353 Edd.
520 1305 693 1354 vescerentur
709 1300 814 1355 Mearm.
837 1301 955 1355 uescenti

90 1384 114 1437 id
126 1391 149 1442 1.
167 1388 193 1441 3.
213 1381 287 1436 Frib.
309 1380 454 1438 7131012.
481 1380 627 1438 Cortianus
654 1376 658 1459 Ι
683 1389 716 1444 19
739 1383 879 1456 eut‘qtlabat
900 1382 951 1439 Ga-

90 1466 192 1520 rbonus
208 1481 259 1536 pro
271 1463 398 1536 mqilabat
419 1457 425 1540 Ι
449 1471 484 1521 20
499 1466 617 1520 interdiu
633 1467 783 1522 Beroaldus
798 1483 850 1538 pro
866 1469 951 1520 inter-

90 1565 117 1601 m
132 1539 146 1625 ΙΙ
161 1553 227 1616 166,
243 1553 277 1607 13
290 1548 422 1602 scriberet
436 1563 490 1618 ego
513 1541 518 1622 Ι
546 1554 579 1606 14
595 1549 673 1603 modo
690 1551 794 1604 ueniam
815 1550 867 1605 cod
880 1548 949 1605 Gan-

90 1629 166 1700 nsis,
180 1629 340 1689 Torrentius
355 1646 407 1702 pro
422 1633 527 1687 ueniam
542 1632 619 1687 modo
643 1623 648 1708 Ι
674 1637 708 1691 26
730 1647 780 1688 nec
793 1639 883 1687 tamen
898 1632 950 1687 Ur-

90 1730 132 1767 rus
148 1728 199 1784 pro
215 1727 265 1767 nec
284 1720 348 1769 ante
366 1708 370 1790 Ι
390 1719 424 1773 32
438 1717 471 1769 iis
485 1715 617 1785 Egnatius
633 1731 685 1786 pro
700 1715 742 1771 bis
756 1708 769 1794 ΙΙ
785 1722 834 1776 167
841 1757 850 1786 ,
871 1715 949 1774 8116-

90 1797 215 1866 ”ipsitque
234 1795 404 1854 Torrentius.
448 1814 483 1853 ac
503 1799 646 1869 descripsit
665 1797 876 1871 Oudendorpius
899 1814 950 1870 pro

90 1880 200 1949 scripsd
222 1869 227 1955 Ι
252 1886 286 1937 10
304 1888 466 1952 quaesturae
487 1882 638 1937 Beroaldus
662 1897 714 1952 pro
732 1888 875 1953 quaestore
894 1873 898 1955 Ι
917 1887 952 1938 20

90 1962 133 2017 ica
155 1955 206 2015 nui
228 1949 268 2032 μὴ
289 1959 413 2036 θίγγανε
431 1964 573 2018 Turnebus
594 1979 646 2034 pro
668 1963 732 2018 1αλι
753 1982 803 2018 και
823 1981 865 2036 μη
881 1963 950 2016 θιν-

90 2063 131 2100 να
151 2037 165 2122 ΙΙ
186 2048 251 2112 168,
273 2049 307 2102 18
326 2032 411 2118 ανδρ’
445 2032 660 2116 ἀπαμύνασθαι
693 2062 746 2115 ego
777 2062 830 2118 pro
858 2035 952 2118 ἄνδρα

90 2123 262 2201 eadraedus
282 2120 286 2202 Ι
305 2133 337 2185 21
357 2127 472 2183 alterum
491 2126 602 2198 supplet
618 2125 749 2196 Ursinus,
771 2133 797 2182 et
810 2127 951 2183 casaubo-

90 2231 122 2281 3,
139 2209 298 2266 Claudieum
315 2226 369 2280 ego
395 2201 400 2288 Ι
425 2216 460 2270 33
478 2202 528 2264 καὶ
544 2196 653 2263 ἰάσεται
668 2208 810 2266 Victorius
825 2225 877 2282 pro
890 2225 950 2264 πει·

90 2311 133 2349 ται
148 2295 193 2350 vel
209 2303 343 2348 nsaearua
358 2284 371 2371 ΙΙ
387 2299 452 2363 169,
469 2299 503 2352 13
519 2293 638 2364 clystera
657 2293 709 2348 eod
722 2291 822 2365 (iopes.
845 2292 949 2350 Salma-

90 2395 124 2434 rs.
147 2379 293 2448 clysteram
308 2377 413 2432 lienam.
438 2377 501 2431 tled
515 2384 537 2434 1.
558 2382 575 2435 3
596 2393 648 2449 pro
664 2377 778 2447 clystere
790 2378 836 2433 vol
852 2378 945 2449 clyste-

90 2478 131 2530 α,
148 2460 374 2532 33317131.
396 2465 463 2530 rus,
478 2465 520 2520 m.
544 2464 609 2530 rso,
625 2467 650 2520 3.
672 2465 733 2530 ros,
750 2466 791 2520 ro.
806 2452 820 2540 Ι
836 2466 902 2532 171,
916 2467 951 2521 ns

94 2548 132 2604 26
149 2545 183 2597 iis
195 2542 326 2613 Egnatius
341 2559 393 2616 pro
409 2543 452 2598 bus
465 2534 479 2621 ΙΙ
495 2548 555 2612 172,
570 2549 588 2603 8
601 2547 738 2614 repentem
753 2544 861 2614 quidarn
879 2544 951 2616 apud

92 2627 247 2682 santonum
265 2618 270 2703 Ι
291 2634 324 2687 13
334 2630 392 2682 ioco
407 2625 563 2683 Sabellicus
579 2643 630 2698 pro
648 2627 705 2682 loco
722 2619 728 2704 Ι
747 2633 782 2686 13
799 2642 871 2700 quae
884 2641 949 2698 que-

90 2709 176 2765 ntdus
191 2709 368 2765 Casauhonus
383 2725 436 2781 pro
450 2710 640 2781 quaerentibus
658 2702 663 2787 Ι
682 2715 715 2769 19
729 2711 794 2764 Anti
810 2725 872 2781 ego.
892 2708 950 2764 An-

100 2791 244 2848 Turnebus
258 2809 310 2863 pro
325 2798 387 2847 ante
401 2784 415 2870 ΙΙ
432 2796 498 2861 173,
513 2799 530 2852 3
545 2797 576 2846 at
592 2808 655 2863 ego.
676 2793 715 2847 nd
732 2792 836 2848 illenim.
862 2793 951 2852 uode

90 2891 106 2933 o
125 2882 151 2930 et
165 2866 291 2952 valesii}
307 2880 373 2944 174,
392 2881 409 2931 2
428 2881 453 2928 et
467 2878 635 2930 consecrauit
649 2875 819 2932 oodllindob
830 2882 855 2932 2.
877 2875 950 2932 urin.

92 2973 138 3014 ue.
155 2959 375 3027 consecravitque
387 2958 421 3013 ed
433 2957 499 3012 Rom
511 2966 535 3016 1.
552 2962 569 3014 2
585 2974 636 3028 pro
649 2961 817 3015 consecrauit
834 2951 839 3036 Ι
859 2963 893 3017 34
906 2973 941 3012 cn

90 3042 209 3097 tremum
230 3041 282 3095 ood
294 3039 377 3096 Basil.
395 3041 431 3095 al.
451 3039 602 3095 Beroaldus
617 3057 668 3111 pro
687 3042 877 3112 qutadromum
897 3033 901 3116 Ι
920 3047 954 3100 36

90 3125 212 3180 rcribdur
223 3123 350 3179 Erasmus
365 3139 416 3195 pro
430 3122 557 3177 scribitur
576 3116 581 3201 Ι
599 3128 633 3182 38
647 3125 736 3178 auium
753 3125 806 3179 eod
817 3123 900 3180 Basil.
918 3123 943 3178 al

90 3209 123 3265 ld.
145 3222 196 3279 pro
214 3207 305 3262 autum
318 3200 332 3282 ΙΙ
348 3211 415 3276 175,
429 3209 446 3266 7
466 3206 659 3278 quadraqenos
676 3212 817 3262 senatores
837 3221 953 3278 senaqe·

90 3305 158 3363 sque
180 3289 288 3362 Lipsius
315 3284 319 3365 Ι
345 3297 376 3348 11
400 3288 423 3346 0
445 3303 559 3344 numero
581 3288 793 3361 Oudendorpius
819 3282 824 3367 Ι
850 3293 884 3346 22
909 3290 956 3344 toli

90 3373 207 3430 dBasil.
225 3373 260 3428 al.
277 3372 344 3427 Edd.
370 3363 457 3452 1176,
477 3377 495 3430 4
514 3373 587 3428 tiara
603 3372 718 3427 deducta
735 3373 886 3429 Beroaldus
901 3389 952 3445 pro

90 3459 175 3513 niam
194 3457 336 3511 deductam
392 3462 408 3516 9
429 3463 565 3529 tamquam
583 3458 657 3511 nullo
676 3456 786 3512 residuo
808 3455 916 3531 Lipsius
937 3447 951 3530 ΙΙ
