2256 3930
115 239 151 302 ts
197 251 226 299 c.
244 249 395 298 suuuour
413 248 540 309 renuo.
559 250 606 295 ou
622 250 705 297 vrrs
720 248 907 298 cunsuuurs
920 250 996 301 nrn.
1015 252 1039 299 r.

112 405 256 486 equitibus
271 404 339 464 binc
361 413 389 463 et
405 403 470 464 iude
487 405 658 463 commissis.
695 403 768 463 Nam
785 420 843 483 quo
857 405 953 465 laxius
969 403 1118 466 dimicare·

111 502 174 568 tur,
195 489 327 551 sublatae
343 496 437 547 metae
454 487 541 565 inque
557 505 654 547 earum
668 487 765 547 locum
780 487 846 548 bina
863 496 961 549 castra
978 488 1117 549 exaduer-

112 593 174 635 sum
197 574 350 633 coustituta
375 579 465 631 eraut.
509 570 663 646 Athletae,
687 572 779 631 stadio
797 570 833 631 ad
854 580 972 651 tempus
987 580 1118 633 extructo

111 659 235 735 regione
250 656 333 716 blarti
350 656 457 734 campi,
475 663 659 714 certaverunt
677 672 731 733 per
749 654 882 715 triduum.
910 655 1022 717 Navali
1039 674 1118 736 proe

112 743 161 818 lio,
177 743 206 800 iu
225 742 335 800 minore
352 736 463 799 Codeta
483 739 602 798 defosso
619 738 685 798 lacu
702 738 827 798 biremes
848 756 884 800 ac
898 741 1040 800 triremes
1056 758 1117 819 qua·

113 827 310 902 driremesque
327 823 433 898 Tyriae
456 833 485 883 et
501 822 668 901 Aegyptiae
685 823 789 883 classis
803 841 908 901 magno
925 832 1119 903 pugnatorum

112 926 230 969 numeru
248 908 448 968 condixerunt.
492 906 538 966 Ad
554 924 628 984 quae
645 910 740 966 omnia
756 907 926 986 spectacula
941 916 1056 969 tautum
1075 927 1118 967 uu·

112 994 198 1072 dique
216 992 353 1052 conduxit
367 992 526 1066 homiuum,
541 999 571 1049 ut
587 990 720 1068 plerique
736 990 866 1052 advenae
881 1000 931 1052 aut
945 992 1027 1052 luter
1040 992 1119 1053 vicos

112 1086 160 1138 aut
178 1079 252 1136 iuter
273 1079 334 1135 vias
355 1074 549 1134 tabernaculis
571 1075 675 1152 positis
694 1083 857 1144 manereut;
881 1093 918 1135 ac
939 1093 1038 1155 saepe
1054 1094 1119 1154 prae

113 1160 196 1221 turba
213 1161 277 1220 elisi
293 1159 504 1236 exanimatique
529 1159 585 1216 siut
602 1158 714 1236 plurimi
729 1167 758 1218 et
775 1158 863 1218 iubis
879 1158 937 1219 duo
955 1168 1118 1220 senatores.

79 1260 105 1311 lb
180 1242 347 1303 Conversus
363 1241 430 1301 binc
441 1241 477 1301 ud
489 1241 676 1301 ordinandum
689 1242 732 1300 rei
746 1241 881 1320 publicae
896 1251 1017 1319 stomun,
1030 1243 1118 1304 laetos

118 1329 264 1403 correxit,
284 1330 339 1385 iam
355 1325 466 1403 pridem
480 1326 550 1384 vitio
566 1326 733 1403 pontificum
753 1343 807 1404 per
823 1326 1017 1387 intercalandi
1034 1327 1118 1387 liceu-

114 1414 180 1471 tiam
198 1410 272 1469 adeo
294 1408 442 1486 turbatos,
463 1420 493 1469 ut
513 1426 609 1486 ueque
627 1410 763 1468 messium
781 1409 873 1470 leriae
894 1418 1011 1471 aestate
1027 1427 1120 1489 neque

113 1494 319 1553 vindemiarum
334 1501 467 1552 autumno
486 1501 693 1571 conpetereut;
712 1511 874 1572 anuumque
891 1493 928 1554 ad
945 1512 1064 1555 cursum
1075 1511 1119 1553 so·

113 1578 149 1637 lis
164 1575 408 1653 accommodarit,
433 1586 462 1636 ut
479 1585 675 1636 trecentorum
698 1579 850 1654 sexaginta
866 1578 996 1657 quinque
1013 1578 1120 1638 dierum

115 1668 203 1736 esset,
220 1669 249 1719 et
264 1659 448 1720 intercalario
465 1678 564 1719 meuse
580 1659 695 1722 sublato
714 1679 786 1720 uuus
802 1660 864 1720 dies
880 1669 986 1739 quarto
1004 1678 1120 1741 quoque

115 1761 190 1805 auno
212 1743 443 1804 intercalaretur.
478 1745 543 1818 Quo
566 1751 660 1802 autem
680 1745 773 1821 magis
794 1746 993 1827 inposterum
1014 1763 1054 1805 ex
1067 1744 1120 1805 lla·

115 1826 209 1887 leudis
223 1826 364 1887 Ianuariis
380 1829 466 1887 novis
483 1837 645 1904 temporum
661 1830 735 1886 ratio
755 1837 948 1905 congrueret,
970 1829 1050 1888 inter
1063 1828 1120 1889 Nu·

113 1910 262 1970 vembrem
284 1929 319 1970 ac
333 1910 525 1970 Decembrem
540 1929 667 1970 mensem
686 1912 830 1971 interiecit
850 1911 924 1971 duos
939 1910 1034 1972 alios:
1059 1912 1121 1972 tuit·

115 1994 212 2073 queis
229 2013 335 2070 annus,
353 2012 410 2072 quo
427 1995 501 2053 baec
519 1994 779 2071 constituebantur,
799 1994 963 2074 quindecim
979 1997 1122 2056 mensium

117 2097 180 2137 cum
198 2078 403 2153 intercalario,
429 2080 476 2155 qui
492 2096 529 2136 eu
546 2078 755 2138 cousuetudine
767 2079 795 2136 iu
811 2096 876 2138 eum
891 2096 999 2139 auuuru
1012 2078 1121 2139 incide·

79 2170 169 2229 urat.
204 2162 339 2221 Senatum
357 2162 517 2239 supplevit,
545 2162 684 2238 patricios
707 2161 834 2239 adlegit,
858 2170 1029 2240 praetorum
1045 2162 1121 2223 aedi·

114 2245 183 2304 lium
211 2254 410 2321 quaestorum,
446 2246 586 2304 minorum
620 2244 704 2303 etiarn
729 2247 945 2322 magistratuum
972 2264 1122 2307 numerum

117 2327 278 2405 ampliavit;
300 2328 423 2386 nudatos
444 2345 536 2406 opere
558 2329 692 2388 censorio
710 2338 758 2388 aut
779 2328 921 2388 sententia
933 2328 1065 2390 iudicum
1085 2329 1119 2389 de

116 2411 223 2471 ambitu
241 2409 448 2470 condemnatos
470 2413 601 2470 restituit.
630 2409 751 2472 Comitia
775 2430 838 2472 cum
858 2411 971 2490 populo
998 2414 1120 2493 partitus

115 2503 161 2553 est
177 2501 223 2566 ut,
243 2495 376 2570 exeeptis
389 2494 554 2553 consulatus
568 2495 813 2573 conpetitoribus,
830 2494 866 2554 de
882 2503 984 2556 cetero
1000 2514 1120 2557 numero

116 2575 332 2636 candidatorum
350 2594 403 2654 pro
424 2586 504 2655 parte
521 2577 633 2637 dimidia
655 2597 729 2656 quos
745 2579 871 2657 populus
886 2578 980 2639 vellet
996 2598 1120 2659 prouuu·

115 2661 270 2734 tiareutur,
295 2678 346 2737 pro
370 2670 452 2738 parte
476 2660 567 2721 altera
587 2679 661 2739 quos
682 2664 747 2740 ipse
770 2662 918 2722 edidisset.
954 2661 996 2723 Et
1016 2664 1121 2724 edebat

115 2763 169 2822 per
184 2744 302 2802 libellos
320 2746 427 2804 ciccum
450 2744 552 2804 tribum
572 2747 677 2806 missos
699 2747 843 2824 scriptura
860 2745 963 2807 brevi:
998 2746 1120 2809 Caesar

115 2828 251 2888 dictator
275 2828 322 2888 illi
343 2828 446 2888 tribui.
486 2827 669 2890 Commendo
689 2828 780 2890 vobis
800 2829 886 2891 illam
906 2835 937 2890 et
961 2831 1069 2905 illum,
1091 2837 1122 2891 ct

114 2918 217 2972 oestro
233 2910 385 2991 eteffraqt'o
400 2930 490 2973 eoum
506 2912 684 2991 dignitatem
704 2919 835 2975 teneant.
865 2911 991 2975 Admisit
1013 2916 1052 2977 ad
1072 2915 1119 2975 bo·

116 3013 206 3053 nores
224 3005 252 3055 et
267 2999 499 3074 proscriptorum
515 2997 635 3055 liberos.
672 2996 780 3056 Iudicia
799 2997 834 3057 ad
850 2996 906 3057 duo
923 3016 1038 3074 genera
1054 2998 1119 3059 iudi-

117 3098 179 3138 cum
192 3080 320 3156 redegit,
335 3082 478 3157 equestris
496 3080 603 3138 ordinis
617 3098 652 3139 ac
664 3080 816 3150 senatorii;
831 3080 963 3140 tribunos
977 3085 1117 3159 aerarios,

117 3163 193 3238 quod
210 3173 271 3221 erat
288 3166 414 3239 tertium,
431 3164 553 3222 sustulit.

180 3247 345 3305 Recensum
365 3248 465 3324 populi
480 3265 535 3305 uec
553 3264 634 3305 more
649 3265 705 3306 uec
720 3247 789 3308 loco
806 3247 912 3325 solito,
936 3248 991 3308 sed
1006 3251 1118 3310 vicatim

118 3346 171 3401 pur
193 3329 325 3389 dominos
350 3331 502 3390 insularum
526 3333 598 3406 egit,
622 3340 708 3408 atque
730 3350 768 3390 ex
793 3332 894 3408 viginti
921 3334 1118 3412 trecentisque

115 3411 229 3469 milibus
254 3417 455 3491 accipientium
477 3415 647 3472 frumentum
668 3434 684 3473 e
707 3414 824 3492 publicu
849 3414 885 3475 ad
908 3425 1025 3476 centum
1043 3419 1118 3496 quiu-

118 3496 256 3573 quagiuta
279 3499 415 3566 retraxit;
440 3515 528 3556 acue
551 3499 597 3575 qui
614 3500 680 3558 novi
705 3508 807 3558 coetus
827 3501 1013 3559 recensionis
1036 3519 1117 3562 causa
