2286 3944
103 221 124 276 4
192 226 223 274 C.
239 225 388 274 sobboni
405 225 532 284 TRANQ.
548 226 596 271 DE
612 227 693 272 VITA
711 225 894 272 CAESARUM
912 228 979 272 LIB.
996 228 1017 271 1.

104 398 184 462 quos
197 398 300 440 secum
315 379 406 438 mmet
420 378 644 456 defendissent,
661 381 756 440 coitio
771 380 906 457 sutrtrom
914 405 929 450 ,·
945 400 1017 440 narn
1030 380 1106 441 Coe-

104 466 174 525 sari
188 463 299 524 multos
311 461 432 522 Marios
446 464 555 522 inesse.
972 521 976 529 ,

77 571 95 621 2
169 547 317 627 Stipendia
333 551 423 627 prima
439 548 467 604 in
479 547 549 605 Asia
564 546 633 605 lecit
648 547 737 605 blarci
750 548 864 606 Thermi
881 551 1024 625 praetoris
1041 568 1107 607 con-

105 632 253 699 tubernio;
270 649 286 690 a
302 650 360 709 quo
376 630 412 690 ad
426 630 632 690 accersendam
645 629 768 689 classem
780 633 809 688 in
821 631 981 705 Bithyniam
993 634 1108 707 missus,

106 716 218 778 desedit
241 715 317 793 apud
340 714 538 788 Nicomeden,
563 731 622 772 non
639 715 702 772 sine
721 732 838 773 rumore
857 725 1019 792 prostratae
1045 719 1133 792 regin

106 800 276 881 pudicitiae;
292 817 377 876 quem
392 817 536 858 rumorem
550 799 644 873 auxit,
657 799 730 856 intra
744 816 856 876 paucos
870 817 970 857 rursus
986 800 1048 857 dies
1065 820 1108 857 re-

106 886 196 964 petita
213 883 344 957 Bithynia
360 901 414 961 per
432 901 546 942 cansam
560 880 721 956 exigendae
744 883 902 958 pecuniae,
924 901 998 960 quae
1022 883 1108 941 debe-

106 978 186 1029 retur
207 967 317 1026 cnidam
334 967 468 1027 libertino
486 966 583 1024 clienti
601 983 664 1024 suo.
685 964 809 1042 Reliqua
822 965 921 1024 militia
937 967 1109 1025 secundiore

106 1054 183 1112 fama
199 1051 250 1109 fuit
266 1059 295 1109 et
318 1068 334 1109 a
351 1049 475 1108 Thermo
500 1050 759 1126 inexpugnatione
776 1048 977 1122 Mytilenarum
1000 1067 1108 1109 corona

79 1137 201 1197 icivica
217 1134 338 1194 douatns
354 1141 407 1191 est.
438 1132 541 1190 Meruit
557 1140 586 1190 et
601 1131 654 1190 snb
670 1131 795 1190 Servilio
811 1131 939 1190 Isaurico
956 1135 984 1190 in
999 1133 1109 1207 Cilicia,
1123 1148 1128 1182 t

107 1219 160 1280 sed
175 1218 257 1277 breui
271 1226 413 1294 tempore.
443 1215 516 1273 Nam
531 1214 630 1274 Sullae
650 1224 742 1275 morte
760 1223 927 1293 comperta,
950 1217 1032 1274 simul
1056 1235 1108 1293 spe

107 1320 202 1363 nouae
226 1300 432 1374 dissensionis,
461 1317 535 1376 quae
558 1317 611 1377 per
632 1299 759 1358 Marcum
773 1298 911 1376 Lepidum
927 1298 1108 1373 movebatur,

107 1388 228 1447 Romam
249 1400 376 1461 propere
403 1382 487 1441 redit.
519 1382 556 1441 Et
574 1382 674 1460 Lepidi
699 1382 812 1460 quidem
834 1383 990 1458 societate,
1012 1400 1108 1459 qnam-

108 1487 193 1548 quam
215 1467 327 1542 magnis
350 1465 568 1525 condicionibus
587 1469 772 1542 invitaretur,
796 1465 947 1541 abstinuit,
978 1484 1040 1524 cum
1069 1468 1108 1522 in·

107 1553 196 1629 genio
222 1552 283 1608 eins
304 1549 414 1609 diffisus
435 1559 493 1609 tum
514 1551 688 1625 occasione,
710 1568 794 1627 quam
811 1552 951 1608 minorem
974 1552 1110 1627 opinione
1124 1569 1140 1605 rs

80 1634 278 1697 todenderat.
304 1632 439 1693 Ceterum
452 1635 613 1712 composita
625 1633 768 1709 seditione
782 1634 858 1692 civili
871 1631 1037 1692 Cornelium
1052 1633 1110 1691 Do-

109 1719 245 1780 labellam
266 1719 449 1777 consularem
469 1727 497 1776 et
519 1717 719 1795 triumphalem
741 1717 964 1795 repetundarum
984 1719 1110 1795 postula-

109 1805 165 1872 ult;
182 1801 376 1879 absolutoque
390 1801 523 1860 Rhodum
539 1801 680 1860 secedere
693 1803 805 1877 statuit,
819 1810 847 1860 et
862 1801 897 1860 ad
912 1801 1111 1860 declinandam

109 1886 242 1947 invidiam
263 1894 291 1944 et
308 1895 338 1944 nt
359 1903 411 1963 per
433 1887 521 1944 otinnr
543 1904 576 1944 ac
599 1888 729 1962 requiem
746 1884 905 1963 Apollonio
923 1885 1033 1944 Moloni
1056 1886 1112 1944 cla·

111 1973 225 2031 rissimo
246 1978 313 2029 tunc
336 1968 449 2028 dicendi
470 1970 609 2046 magistro
634 1986 754 2047 operam
774 1968 864 2027 daret.
899 1969 962 2029 Huc
984 1969 1048 2028 dum
1072 1969 1112 2027 lri-
1140 1998 1143 2014 ·

111 2056 210 2115 bernis
229 2055 284 2112 iam
308 2052 454 2113 mensibus
476 2055 584 2130 traicit,
609 2054 686 2112 circa
709 2053 945 2113 Pharmacussam
961 2054 1114 2113 insulama

112 2136 310 2218 praedonibus
322 2147 424 2217 captus
437 2147 497 2214 est,
510 2139 671 2214 mansitque
687 2136 763 2216 apnd
776 2155 843 2212 eos,
856 2156 915 2198 uon
927 2138 989 2197 sine
1009 2156 1114 2199 summa

111 2223 324 2299 indignatione,
343 2239 437 2300 prope
456 2221 644 2298 quadraginta
660 2221 723 2280 dies
739 2240 802 2279 curn
818 2240 874 2280 uno
892 2220 1005 2282 medico
1024 2234 1053 2284 et
1071 2244 1116 2285 on·

111 2306 248 2366 bicularis
264 2305 387 2365 dnobus.
419 2304 491 2363 Nam
508 2306 630 2363 comites
648 2322 813 2381 servosque
829 2313 946 2364 ceteros
962 2307 1045 2370 initio
1063 2321 1118 2372 sta·

112 2392 161 2449 tim
177 2388 213 2447 ad
230 2387 427 2466 expediendas
442 2389 594 2464 pecunias,
611 2382 714 2464 quibus
729 2387 936 2463 redimeretur,
959 2389 1142 2458 dimiserat.q

111 2472 275 2532 Numeratis
296 2469 400 2529 deiude
423 2471 632 2547 quinquaginta
647 2470 777 2545 talentis,
801 2473 919 2547 exposit
941 2491 959 2529 s
976 2475 1014 2531 in·
1030 2479 1109 2535 litore

111 2573 170 2616 non
196 2551 304 2611 distulit
331 2553 398 2631 quin
426 2570 443 2611 e
467 2554 594 2628 uestigio
618 2552 713 2611 classe
740 2551 862 2612 deducta
932 2565 1138 2636 rsoquerotur'

112 2638 263 2711 abeuntis,
284 2654 319 2696 ac
338 2635 475 2695 redactos
496 2638 524 2694 in
542 2644 715 2713 potestatem
739 2635 865 2714 supplici
899 2683 907 2714 ,
935 2641 1013 2718 qnod
1028 2662 1115 2727 saepe

113 2722 170 2783 illis
185 2722 306 2780 minatus
321 2721 395 2778 inter
413 2720 508 2778 iocum
522 2719 632 2795 iuerat,
648 2719 798 2779 adiiceret.
823 2721 850 2780 V
869 2729 969 2783 stante
981 2731 1115 2806 regiones

115 2807 262 2886 proximas
278 2802 439 2864 Mithridate
454 2822 490 2861 ne
507 2802 640 2862 desidere
654 2803 682 2862 in
694 2804 838 2863 discrimin
854 2868 861 2880 ,
879 2807 1026 2874 sociorum
1042 2817 1116 2879 vide·
1139 2837 1142 2860 ¹

114 2899 210 2966 retur,
223 2887 259 2948 ab
273 2886 394 2963 Rhodo,
408 2903 466 2965 quo
482 2887 682 2964 pertenderat,
695 2888 806 2947 transiit
821 2888 856 2979 iq
867 2887 982 2971 Asiam,
995 2902 1118 2962 auxiliis.

117 2991 173 3052 qne
190 2974 346 3032 contractis
363 2980 392 3030 et
413 2970 564 3049 praelecto
588 2971 668 3047 regis
684 2972 846 3050 provincial
854 2974 978 3052 expulso
997 2989 1119 3048 nutantis

117 3075 152 3116 ac
169 3056 269 3116 dubias
286 3056 417 3115 civitates
432 3056 549 3114 retinuit
563 3056 592 3113 in
608 3054 673 3114 lide.
838 3048 844 3109 ff

90 3153 105 3202 o
181 3139 336 3201 Tribunatu
351 3139 480 3216 militum,
496 3139 544 3217 qui
559 3139 667 3216 primus
679 3139 800 3198 Romaiu
813 3124 939 3203 rdrerso
954 3163 1009 3223 per
1021 3155 1118 3216 salira-

118 3222 166 3300 gia
182 3224 283 3301 populi
298 3223 393 3284 honor
405 3225 525 3301 optigit,
542 3231 659 3281 actores
673 3219 871 3297 restituendae
883 3226 1054 3296 tribuniciae
1070 3256 1135 3316 po.»

117 3308 245 3382 testatis,
260 3308 340 3366 cuius
352 3308 408 3366 vim
421 3306 500 3366 Sulla
512 3305 692 3381 diminuerat,
708 3305 874 3367 enixissime
886 3309 966 3371 invit.
988 3313 1021 3376 la.
1037 3323 1120 3384 etiam

120 3388 227 3450 Cinnae
243 3392 343 3449 uxoris
357 3391 453 3466 tratri,
477 3389 570 3466 etqui
588 3405 650 3446 curn
672 3405 708 3447 eo
727 3387 803 3448 ciw‘li
822 3389 969 3456 discordia
982 3396 1119 3480 Lepidum

121 3472 211 3533 secuti
228 3481 295 3544 post
309 3491 409 3531 necem
423 3471 550 3531 consolis
566 3470 600 3524 ad
803 3474 847 3512 „a
907 3486 1120 3554 contraitum
