2286 3944
391 217 693 267 nrvoscnnnnnos.
996 206 1053 268 161

52 373 177 451 ademit,
192 372 314 435 llbodiis
326 372 364 432 ob
376 375 580 452 paenitentiam
595 382 724 433 veterum
738 375 909 435 delictorum
922 370 1057 432 reddidit.

51 457 226 535 Iliensibus,
244 457 326 536 qnasi
340 456 486 517 Romanae
501 458 598 535 gentis
614 459 798 536 auctoribus,
819 459 924 518 tributa
945 461 973 515 in
991 475 1057 535 per·

54 553 174 624 petuum
182 542 308 617 remisit,
324 543 445 601 recitata
460 551 561 601 vetere
572 542 696 619 epistula
711 543 823 604 Graeca
836 550 952 602 senatus
964 557 1057 620 popu·

54 629 137 707 lique
150 625 187 687 R.
199 625 326 686 Seleuco
342 626 406 702 regi
422 625 573 685 amicitiam
588 635 617 684 et
627 628 797 687 societatem
814 628 853 686 ita
866 626 978 685 demum
994 623 1057 703 pol-

29 711 189 786 tllcentis,
207 710 232 770 si
258 711 490 786 consanguineos
512 726 580 769 suos
601 709 723 770 Ilienses
747 710 782 769 ab
805 712 880 768 omni
902 726 992 768 onere
1008 709 1057 766 im-

55 811 159 855 munes
181 795 384 872 praestitisset.
412 792 536 853 Iudaeos
561 793 719 871 impulsore
736 793 860 853 Chresto
884 791 999 852 assidue
1016 800 1057 850 tn-

55 878 222 939 multuautis
241 877 333 937 Roma
354 876 473 956 expulit.
495 877 703 939 Germanorum
726 877 833 954 legatis
857 878 884 934 in
906 875 1059 935 orchestra

57 961 165 1024 sedere
192 962 336 1039 permisit,
367 960 550 1038 simplicitate
580 979 680 1020 eorum
706 970 735 1020 et
760 960 864 1020 liducia
889 967 1058 1033 commotus,

57 1044 139 1126 qnod
156 1045 185 1103 in
202 1044 354 1123 popularia
369 1044 499 1121 deducti,
521 1063 584 1104 cum
602 1045 871 1105 animadvertissent
886 1042 1011 1102 Parthos
1031 1049 1060 1100 et

17 1129 215 1190 uArnrenios
231 1127 359 1188 sedentis
374 1130 402 1187 in
419 1137 536 1204 senatu,
558 1129 593 1188 ad
609 1129 711 1190 eadem
731 1129 798 1188 loca
813 1136 918 1206 sponte
937 1126 1058 1185 transie-

57 1221 140 1288 runt,
157 1210 245 1271 nihilo
262 1212 434 1272 deteriorem
454 1213 588 1271 virtutem
603 1222 650 1273 aut
671 1212 865 1272 conditionem
881 1229 960 1270 suam
976 1227 1059 1288 prae·

59 1297 201 1357 dicantes.
224 1295 395 1370 Drpidarum
412 1296 584 1372 religionem
600 1297 675 1375 apud
692 1295 791 1357 Gallos
808 1295 887 1356 dirae
905 1293 1059 1353 immanita·

58 1383 113 1457 tis,
132 1387 163 1438 et
177 1388 284 1439 tautum
300 1380 409 1440 civibus
428 1379 480 1438 sub
496 1379 629 1457 Angusto
646 1380 841 1457 interdictam,
857 1380 973 1458 penitus
992 1376 1059 1436 abo-

59 1464 148 1531 lerit;
176 1471 276 1524 contra
296 1482 380 1523 sacra
395 1463 542 1523 Eleusinia
563 1465 647 1523 etiam
663 1464 821 1524 transferre
837 1482 874 1523 ex
892 1462 987 1522 Attica
1001 1461 1060 1522 llo·

10 1550 135 1608 ¹›itrrram
152 1556 272 1606 conatus
297 1556 357 1624 est,
382 1547 578 1625 templumque
598 1549 627 1606 in
648 1548 746 1607 Sicilia
768 1549 894 1608 Veneris
915 1546 1060 1621 Erycinae

61 1639 206 1691 vetustate
223 1630 392 1709 conlapsum
402 1639 433 1690 ut
448 1649 485 1689 ex
501 1633 613 1691 aerario
627 1648 696 1711 pop.
709 1632 744 1691 R.
757 1632 942 1708 reficeretur,
961 1638 1062 1688 auctor

61 1715 123 1775 mit.
148 1711 219 1774 Cum
233 1714 353 1791 regibus
368 1714 473 1774 foedus
488 1717 517 1773 in
536 1716 601 1774 loro
624 1717 674 1775 icit
693 1733 783 1793 porca
798 1732 885 1774 caesa
908 1732 944 1773 ac
960 1722 1060 1772 vetere

61 1797 204 1860 fetialium
220 1799 402 1876 praelatione
424 1797 558 1858 adhibita.
582 1799 640 1858 Sed
664 1809 693 1858 et
708 1798 782 1858 haec
797 1807 826 1857 et
841 1807 940 1857 cetera
957 1805 1060 1855 totum-

62 1899 120 1961 que
132 1880 207 1941 adeo
220 1891 349 1959 exparte
360 1899 464 1958 magna
481 1885 670 1960 principatum
682 1900 739 1941 non
751 1891 807 1942 tam
822 1898 875 1940 suo
893 1897 975 1958 quam
989 1897 1060 1938 uxo-

10 1968 127 2047 ltmm
145 1965 372 2044 libertorumque
401 1965 517 2026 arbitrio
540 1966 759 2042 administravit,
784 1965 850 2024 talis
872 1963 979 2041 ubique
1001 1961 1061 2040 ple-

10 2086 13 2101 =
60 2066 197 2127 rumque,
214 2048 327 2126 qualem
343 2067 410 2108 esse
425 2067 488 2108 enm
503 2058 551 2109 ant
566 2050 718 2127 expediret
733 2049 791 2107 illis
808 2057 855 2106 aut
870 2047 985 2105 liberet.

10 2134 18 2173 l
125 2133 256 2210 Sponsas
284 2131 433 2192 admodum
462 2132 634 2192 adulescens
661 2132 731 2191 duas
757 2130 876 2190 habuit:
911 2127 1106 2188 Aemiliamtt

10 2212 13 2245 ³
62 2215 201 2295 Lepidam
217 2213 341 2293 Augusti
362 2225 535 2294 proneptem
554 2262 562 2293 ,
584 2218 650 2274 item
672 2215 780 2274 Liviam
794 2213 995 2287 Medullinam,
1018 2212 1064 2271 cui

64 2308 95 2360 et
108 2315 275 2376 cognomen
293 2298 432 2360 Camillae
449 2309 526 2376 erat,
546 2318 562 2359 e
581 2317 692 2376 genere
709 2299 824 2376 antiqno
846 2297 994 2356 dictatoris
1011 2294 1063 2355 Ga·

64 2382 145 2444 milli.
190 2381 337 2460 Priorem,
362 2383 439 2462 quod
461 2392 598 2462 parentes
619 2385 680 2442 eius
696 2381 857 2459 Augustum
875 2380 1064 2456 offenderant,

63 2467 208 2545 virginem
230 2466 322 2526 adhuc
341 2467 517 2546 repudiavit,
537 2468 731 2545 posteriorem
754 2469 820 2544 ipso
841 2465 906 2542 die,
933 2467 980 2544 qni
1003 2472 1066 2524 erat

10 2578 22 2615 ·.
65 2550 173 2630 nuptiis
189 2548 362 2628 destinatus,
381 2569 419 2610 ex
435 2549 590 2610 valimdine
609 2552 710 2611 amisit.
732 2551 850 2611 Uxores
866 2549 970 2609 deinde
987 2548 1067 2608 duxit

10 2660 17 2699 r
67 2633 206 2695 Plautiam
227 2634 436 2710 Urgulanillam
455 2634 632 2713 triumphali,
657 2644 686 2695 et
708 2653 776 2694 mox
792 2633 905 2694 Aeliam
920 2633 1066 2692 Paetinam

15 2714 33 2769 b
70 2715 215 2777 consulari
231 2726 323 2795 patre.
349 2717 419 2778 Gom
434 2727 555 2796 utraque
570 2718 723 2778 divortium
737 2719 823 2793 lecit,
846 2717 897 2776 sed
915 2733 978 2774 cum
995 2714 1066 2772 Pae-

68 2801 126 2861 tina
141 2818 180 2859 ex
192 2799 305 2860 levibns
318 2802 452 2878 eliensis,
471 2820 534 2861 cum
549 2803 731 2879 Urgulanilla
747 2802 785 2861 ob
799 2801 945 2861 libidinum
960 2797 1067 2876 probra

10 2932 37 2943 ..
69 2892 98 2944 et
125 2883 271 2945 homicidii
296 2887 492 2964 suspitionem.
524 2885 594 2945 Post
622 2887 675 2946 has
699 2886 846 2946 Valeriam
872 2882 1066 2954 Messalinam,

10 3006 17 3032 ,-
68 2967 185 3028 barbati
199 2967 344 3029 blessalae
366 2968 532 3029 consobrini
555 2971 598 3029 sui
620 2970 723 3047 liliam,
747 2971 776 3028 in
791 2968 999 3028 matrimonium
1021 2981 1067 3023 ac·

70 3052 158 3130 cepit.
197 3051 288 3126 Quam
312 3071 375 3112 cum
397 3054 589 3131 comperisset
611 3071 699 3131 super
724 3062 823 3112 cetera
851 3050 960 3126 flagitia
982 3057 1069 3125 atque

9 3159 16 3198 ι
70 3133 219 3196 dedecora
237 3133 270 3194 (l.
287 3136 359 3196 Silio
377 3139 460 3197 etiam
481 3139 616 3215 nupsisse
633 3137 700 3198 dote
718 3138 793 3196 inter
815 3135 950 3212 auspices
975 3132 1068 3192 eonsi-

10 3224 172 3297 cunata,
196 3218 340 3297 supplicio
362 3219 469 3280 adiecit
493 3222 729 3299 confirmavitque
756 3237 810 3298 pro
836 3217 971 3278 contione
995 3214 1071 3294 apud

10 3336 38 3361 ι,
68 3305 284 3383 praetorianos,
296 3311 447 3383 quatenos
459 3303 520 3364 sibi
529 3304 727 3365 matrimonio
737 3302 819 3363 maie
833 3301 984 3376 cederent,
996 3318 1070 3378 per·

12 3396 23 3509 p
66 3404 251 3449 mmmm
265 3405 299 3447 se
314 3388 347 3447 irc
362 3386 534 3465 coelibatu,
552 3404 590 3449 oc
604 3387 666 3448 nisi
680 3386 919 3466 permansisset,
944 3403 1007 3446 non
1021 3403 1069 3445 re·

66 3478 253 3534 matorum
274 3470 402 3550 confodi
418 3470 562 3532 marcidos
583 3472 732 3550 ipsos-om.
766 3470 830 3530 Nec
858 3470 961 3530 durare
984 3468 1073 3528 valuit

118 3575 275 3617 snsronrus.
853 3555 888 3618 11
