2286 3944
457 177 664 225 PRAEFATIO.
967 183 1014 230 xv

102 336 230 408 ligandis
248 337 330 391 rebus
347 333 447 389 eximin
460 351 492 390 ac
505 335 587 406 plane
604 335 753 407 singularis
767 338 835 394 ddas
851 345 879 394 et
893 339 1013 411 diligen.

105 421 159 488 tia,
181 420 209 474 in
235 417 446 474 conscribendis
468 417 615 489 prudentia
646 426 674 474 et
699 422 846 476 verborum
872 424 1012 493 elegantia

103 520 182 560 rara.
225 503 266 557 De
283 500 461 570 lontibus,
480 507 509 555 61
523 517 594 555 nunc
610 502 756 573 loquimur,
773 504 899 561 Suetonii
916 513 1011 562 nostra

104 585 241 642 memoria
261 583 338 638 multi
361 590 477 653 egerunt
491 585 536 640 vel
554 585 672 640 omnium
689 587 732 642 vel
754 587 924 657 singularum
940 590 1011 645 vita-

105 687 186 738 rum,
209 675 238 722 nt
253 666 417 736 Schweiger
434 666 557 736 Golbdry
573 668 680 724 llrause
700 669 780 724 Prutn
802 670 896 742 Egger
917 672 1011 728 llir'nel

104 752 304 819 Wiedemann,
320 765 389 821 quos
401 751 516 805 honoris
529 766 612 806 causa
624 752 747 823 appello,
763 753 814 808 sed
828 754 901 809 inter
917 771 1011 811 omnes

107 835 256 904 convenit,
280 833 382 904 ubique
407 833 524 889 idoneos
551 841 675 889 secutum
701 842 846 905 auctores,
868 854 1012 908 numquam

107 918 247 987 consilio,
262 917 406 972 rarissime
429 932 526 973 errore
547 918 618 974 lalsa
639 918 798 974 tradidisse.
841 920 1012 991 Frequenter

107 1001 262 1073 scriptores
285 1018 301 1057 a
318 1017 350 1055 se
366 1000 509 1056 consultos
524 1001 681 1058 nominatim
697 1001 794 1072 allent,
814 1002 886 1058 Acta
904 1020 1012 1074 quoque

107 1084 205 1158 populi
223 1090 250 1139 et
265 1089 394 1152 senatus,
410 1083 487 1154 ipsas
506 1081 653 1141 Caesarum
669 1085 803 1155 epistolas
822 1088 1010 1158 autographas

107 1187 134 1242 p.
154 1172 197 1236 76,
212 1173 255 1224 22.
280 1167 507 1236 1911161166
531 1167 585 1239 ipsi
608 1168 698 1224 aditus
721 1169 850 1239 patebat,
876 1170 1010 1241 inspexit,

108 1269 143 1307 ne
159 1251 264 1307 libellis
280 1251 390 1321 quidem
412 1249 473 1304 sine
495 1251 604 1306 nornine
618 1251 740 1321 vulgatis
761 1251 930 1324 famosisque
947 1270 1011 1308 ver-

108 1335 206 1392 siculis
224 1334 372 1404 neglectis,
389 1334 439 1388 sed
457 1333 575 1404 optimos
592 1350 718 1406 quosque
733 1342 862 1391 auctores
882 1342 910 1390 et
925 1353 1011 1408 quan-

108 1425 163 1473 tum
181 1418 240 1473 heri
261 1417 352 1488 potnit
372 1417 455 1472 rebus
476 1417 565 1486 gestis
588 1419 718 1488 aequales
739 1425 860 1474 secutus.
904 1418 1011 1486 Quanta

109 1519 176 1557 cura
188 1501 216 1556 in
229 1500 393 1556 diversitate
407 1500 570 1554 tradentium
585 1502 629 1556 vel
645 1501 761 1556 minutas
778 1519 824 1557 res
841 1503 1011 1567 tractaverit,

109 1585 238 1656 exemplo
261 1600 324 1639 esse
345 1589 439 1654 potest
465 1600 490 1654 p.
516 1589 565 1642 121
589 1601 630 1654 sq.
649 1585 799 1655 disputatio
818 1586 853 1640 de
876 1587 941 1641 loco
964 1585 1012 1642 ubi

110 1667 140 1723 G.
159 1667 284 1737 Caligula
299 1672 378 1721 natus
397 1666 443 1720 sit.
481 1664 567 1732 Quam
584 1667 733 1737 diligenter
749 1668 897 1739 primarios
914 1675 1011 1724 auoto-

109 1768 157 1806 res
171 1750 250 1821 sequi
261 1751 361 1819 soleat,
378 1750 541 1806 documento
555 1757 598 1806 est
609 1750 671 1805 Divi
683 1750 803 1821 Augusti
818 1753 904 1807 index
919 1768 1011 1807 rerum

108 1853 125 1890 a
156 1851 186 1889 se
207 1839 363 1904 gestarum,
393 1849 472 1902 quem
495 1840 695 1889 monumentum
715 1833 890 1904 Ancyranum
914 1835 1010 1891 dicere

109 1916 313 1983 consuevimus,
330 1931 384 1971 non
400 1917 482 1970 modo
497 1923 724 1972 commemoratus
739 1935 765 1988 p.
773 1924 818 1987 85,
834 1923 879 1988 29,
894 1919 944 1974 sed
959 1935 1011 1989 per

108 2007 195 2056 totam
209 1999 329 2069 Augusti
346 1999 430 2054 vitam
453 1999 572 2054 collatus
595 2005 622 2054 et
645 2000 672 2054 in
694 2017 771 2054 usum
792 2016 963 2069 conversus,
981 2007 1011 2054 ut

106 2100 164 2139 non
179 2099 243 2139 raro
262 2083 307 2139 vel
324 2082 420 2136 eadem
434 2081 519 2137 verba
534 2082 732 2150 remanserint,
749 2088 778 2136 ut
793 2100 818 2152 p.
836 2089 886 2151 46,
903 2089 947 2142 32.
965 2087 1010 2149 47,

108 2173 227 2227 13—17.
251 2170 293 2232 67,
308 2170 433 2234 37-58,
449 2169 474 2223 t.
517 2163 721 2234 Nonnumquam
738 2164 847 2218 nimium
862 2165 1011 2220 brevitatis

106 2250 228 2306 studium
243 2248 332 2305 fraudi
349 2247 411 2317 luit,
427 2254 457 2302 ut
472 2263 542 2318 quae
558 2248 680 2303 discerni
697 2253 724 2302 et
738 2253 867 2318 poterant
882 2253 909 2302 et
925 2248 1011 2303 debc-

105 2337 174 2390 bant
188 2333 216 2388 in
235 2349 315 2387 unum
330 2331 521 2402 coniungeret.
565 2331 606 2386 De
620 2331 656 2385 iis
672 2330 825 2400 historicis,
842 2347 957 2402 quorum
976 2331 1011 2386 li-

105 2417 152 2473 bri
168 2422 285 2473 aetatem
300 2415 431 2484 tulerunt,
446 2415 583 2470 Velleium
598 2414 744 2486 Iosephum
757 2414 929 2470 Plutarchum
944 2431 1011 2470 nus-

107 2517 189 2572 quam
204 2498 379 2556 consuluisse
394 2499 514 2567 videtur,
532 2498 653 2554 Tacitum
674 2499 698 2553 si
715 2515 766 2570 per
781 2504 898 2554 aetatem
913 2499 1010 2568 legere

108 2584 199 2658 potuit
221 2589 249 2638 et
271 2581 356 2652 legit,
378 2581 407 2636 id
433 2583 506 2652 quod
527 2600 554 2653 p.
572 2588 639 2651 186,
663 2588 705 2641 26.
728 2588 792 2650 196,
818 2586 851 2640 37
875 2581 1010 2636 credibile

108 2661 182 2740 lit⁴),
198 2673 275 2724 certe
292 2666 388 2719 ducem
404 2681 494 2735 neque
510 2665 537 2718 16
546 2665 651 2720 Tiberii
666 2666 749 2721 rebus
766 2664 919 2733 tradendis,
937 2664 1011 2734 quod

107 2751 223 2806 Sievors
251 2749 381 2821 putabat,
407 2764 497 2818 neque
525 2749 553 2803 in
575 2749 730 2804 rebellione
755 2748 836 2802 trium
857 2746 1011 2819 principum

106 2832 262 2890 enarranda
280 2837 392 2887 secutus
409 2837 460 2886 est.

167 2917 198 2972 ln
213 2915 410 2988 componendis
428 2915 511 2970 rebus
534 2932 595 2970 eum
611 2916 671 2970 lere
687 2932 790 2972 morem
806 2920 896 2983 tenet,
917 2920 947 2968 ut
967 2930 1013 2967 re-

106 3001 204 3074 petitis
232 3016 268 3056 ex
300 2998 463 3069 antiquitate
493 2997 614 3072 familiae
645 3000 690 3054 vel
723 2999 815 3069 gentis
845 2997 1013 3067 originibus,

106 3084 197 3156 ipsius
210 3082 398 3156 imperatoris,
415 3081 492 3136 onius
505 3082 589 3138 vitam
604 3082 711 3151 scribit,
726 3081 874 3153 pueritiam
888 3079 1013 3135 virilem-

176 3231 203 3292 41
222 3230 300 3280 Μ6111
317 3245 406 3295 parum
426 3230 519 3279 idonea
534 3229 713 3278 adertllrause
727 3227 759 3277 de
772 3226 885 3277 Suetonii
902 3225 1013 3274 lontibus

105 3315 132 3365 p.
151 3300 177 3349 4.
193 3300 218 3350 5.
237 3300 277 3350 70.
298 3299 381 3349 Berol.
402 3297 477 3349 1831.
514 3298 578 3348 Male
598 3305 621 3347 et
640 3292 1011 3361 111611611τί11111161661111161.

104 3369 180 3419 llam.
198 3367 214 3418 3
232 3384 257 3434 p.
276 3367 328 3418 204
346 3366 430 3432 (aliter
447 3382 473 3432 p.
495 3366 540 3429 28)
565 3374 589 3424 11
609 3364 750 3416 Boetticher
768 3366 794 3414 in
812 3363 893 3413 lexico
912 3361 1013 3411 Taciteo

104 3451 132 3502 p.
152 3435 227 3486 xxn
245 3436 358 3487 Tacitum
377 3443 496 3502 putarant
510 3443 568 3502 post
583 3434 730 3484 Suetonium
748 3433 890 3500 scripsisse.
