2256 3930
466 198 673 255 PRAEFATIO.
930 202 1013 250 <nvn

171 351 287 415 Meliora
300 356 387 428 igitur
400 375 432 414 ea
450 360 575 430 exempla
587 359 658 422 dico,
676 376 745 429 quae
760 360 916 416 Iudicem
931 379 1013 434 prae·
1030 367 1113 412 [aaa

103 440 241 503 scriptum
256 442 359 497 habent
375 458 469 497 eorum
484 441 722 512 grammaticorum
738 449 766 498 et
778 445 928 516 rhetorum,
943 461 1013 515 quo·
1047 419 1113 463 noa·

104 541 169 582 rum
186 524 258 580 vitas
276 524 389 580 libellus
404 525 515 596 integer
528 523 695 581 continebat.
740 525 767 582 ls
784 525 869 583 index
881 545 1013 584 necessa-

104 609 152 665 rio
171 607 381 679 antiquissimus
403 616 430 664 et
446 609 491 664 vel
507 607 686 664 Henochiano
707 608 780 665 libro
803 611 1012 682 antiquiorem,

106 709 168 748 cum
191 696 219 746 et
242 691 405 764 deperditae
426 693 514 764 partis
535 691 644 747 nomina
665 693 836 763 servaverit,
863 695 912 750 cir.
941 694 1017 756 inira

104 780 216 848 11212,
243 776 324 831 etad
350 775 528 847 superstitem
550 781 655 846 partem
677 771 920 851 emendationisu)
944 795 1013 834 non-

105 859 178 922 nihil
195 858 330 914 conferat.
361 860 491 916 Fortasse
507 876 541 914 ne
556 864 664 914 erraret
680 858 800 929 quidem,
815 860 839 915 si
856 860 918 931 quis
932 856 1012 916 Plinii

105 940 233 1011 maioris,
250 940 343 1012 Gellii,
358 941 472 1013 Hygini,
486 942 619 1013 Polyaeni
635 943 770 1014 exemplis
786 960 852 999 usus
871 943 925 1016 ipsi
943 944 1012 999 Sue-

106 1025 186 1082 tonio
212 1019 357 1081 tribueret.

109 1161 113 1164 .
172 1109 249 1164 lluno
268 1109 354 1180 igitur
368 1110 507 1166 nominum
529 1110 648 1166 indicem
674 1108 810 1182 incapite
831 1111 920 1166 libelli
943 1112 1011 1167 scri·

106 1199 184 1266 ptum
199 1194 301 1249 habent
315 1193 380 1250 libri
396 1194 438 1249 hi:

111 1309 126 1338 ,·
152 1285 176 1336 1.
193 1276 361 1333 Vaticani
379 1278 496 1333 ducah
513 1276 623 1332 Achille
640 1277 730 1334 Statio
752 1295 776 1333 a.
796 1283 862 1337 1565
884 1277 1013 1350 inspecti,

106 1359 193 1421 hodie
209 1359 263 1415 nisi
281 1360 364 1416 fallor
385 1361 506 1416 numeris
522 1367 590 1420 1518
605 1367 634 1416 at
653 1367 720 1422 1862
736 1360 876 1433 distincti,
898 1378 1013 1433 quorum
1074 1374 1076 1381 ·

108 1443 323 1514 uterque'laciti
343 1460 453 1516 quoque
466 1443 637 1500 Germaniam
654 1451 682 1499 et
692 1445 731 1511 ¹de
740 1443 915 1515 Oratoribus,
930 1463 1012 1517 prae-

107 1533 187 1587 terea
205 1526 283 1598 prior
297 1527 498 1600 Porphyrionis
510 1528 617 1584 scholia
636 1528 785 1584 Horatiana
802 1530 934 1584 continet.
957 1531 1013 1586 Va-

107 1609 226 1666 rietates
247 1629 262 1668 a
286 1611 375 1667 Statio
392 1612 518 1683 proditas
537 1612 686 1683 plerasque
707 1612 742 1666 in·
755 1612 882 1667 leidensi
902 1629 1012 1684 quoque

107 1695 156 1750 vel
172 1693 296 1751 Gudiauo
314 1694 387 1752 libro
409 1696 550 1765 invenias,
576 1696 627 1750 sed
647 1702 709 1750 uter
723 1695 777 1750 utri
797 1696 914 1751 similior
930 1697 966 1751 sit
986 1697 1013 1752 in

107 1777 158 1834 illa
176 1777 364 1849 distinguendi
380 1779 553 1850 negligentia
569 1794 623 1834 non
639 1773 797 1851 dixerisi).
837 1780 937 1834 Verum
955 1797 1014 1835 cum

107 1860 137 1916 in
157 1861 253 1918 Tacito
275 1861 316 1916 illi
339 1863 488 1918 secundum
506 1862 667 1918 Leidensem
689 1862 784 1934 optimi
811 1863 1014 1931 existimentur,

108 1944 206 2015 utique
227 1944 384 2015 dignissimi
406 1952 469 2000 sunt
495 1945 540 2016 qui
562 1944 688 2002 Suetonii
706 1962 816 2017 quoquc
838 1947 930 2016 gratia
950 1948 1013 2002 diti-

109 2034 211 2098 genter
230 2027 430 2084 examinentur.

153 2116 179 2167 2.
209 2109 398 2165 leidensis
413 2110 501 2165 XVlll
516 2109 604 2164 Parin.
621 2116 696 2170 121
722 2127 781 2165 cum
803 2112 911 2166 duobus
927 2112 1015 2166 Taciti

109 2192 218 2249 libellis
232 2192 404 2248 coniunctus.
439 2192 565 2265 Scriptus
582 2198 624 2247 est
641 2211 665 2248 a.
681 2198 749 2252 1460
764 2194 797 2249 ab
813 2193 928 2249 loviano
944 2193 1013 2250 Pon·

110 2283 188 2346 tanc,
206 2277 326 2332 fortasse
342 2275 476 2348 Neapoli,
495 2276 545 2332 cir.
561 2293 588 2348 p.
605 2281 671 2346 288,
687 2283 741 2331 tum
757 2294 781 2332 a.
800 2281 867 2336 1742
881 2276 1014 2333 incertum

109 2361 184 2416 unde
201 2378 215 2416 a
230 2359 412 2416 Leidensilrus
435 2365 463 2415 et
483 2377 547 2416 aare
564 2360 674 2430 quidem
697 2361 770 2431 quod
785 2359 946 2416 Perizonius
972 2361 1014 2416 le·

113 2487 322 2498 ———-——

179 2555 225 2619 34)
240 2557 407 2609 Praenomina
424 2560 655 2625 grammaticorum,
672 2574 736 2623 quae
754 2561 804 2610 iam
817 2560 842 2609 in
853 2558 1015 2611 Henochiauo

111 2625 176 2675 libro
197 2625 350 2676 effluxerant
375 2634 434 2677 noto
457 2627 499 2678 illo
527 2628 666 2678 scribarum
687 2641 758 2677 more
776 2628 897 2694 capitales
919 2628 1015 2678 litteras

111 2693 258 2755 omittendi,
280 2701 308 2744 ut
328 2696 359 2745 ab
376 2695 508 2746 miniatore
528 2697 668 2746 ornatiores
689 2696 828 2757 addantur,
854 2695 946 2746 Indicia
967 2710 1014 2760 cpe

111 2763 250 2828 reciperata
265 2771 323 2813 sunt
339 2779 365 2830 p.
383 2763 443 2826 260,
463 2764 504 2817 34.
524 2764 583 2827 261,
601 2766 642 2814 24.
668 2763 727 2825 262,
749 2764 788 2815 15.
815 2765 874 2825 264,
888 2764 929 2815 26.
953 2765 1013 2823 270,

111 2831 158 2888 21;
175 2846 204 2880 ac
219 2832 250 2881 de
266 2840 452 2898 postremorum
471 2834 577 2893 duorum
593 2833 699 2883 veritate
719 2833 821 2884 aliunde
837 2848 936 2897 quoque
954 2847 1013 2883 con-

111 2906 169 2952 stat.
213 2902 275 2950 Item
300 2915 391 2951 nornen
421 2902 569 2952 Vottaca'ltua
591 2917 617 2968 p.
641 2902 708 2963 270,
736 2902 769 2954 13
799 2903 876 2951 indici
899 2903 1014 2961 debetur,

111 2968 142 3018 ab
160 2967 312 3034 Hieronymo
333 2971 502 3025 connrmatur.
540 2970 655 3021 Ceterum
674 2969 735 3019 uitia
756 2984 856 3035 quoque
872 2971 949 3019 index
968 2982 1014 3018 sua

111 3036 194 3099 habet,
212 3046 240 3087 11
256 3053 312 3088 auru
328 3055 354 3106 p.
367 3038 426 3102 267,
442 3038 458 3090 6
476 3053 639 3105 praenomen,
657 3054 682 3103 p.
701 3038 760 3101 263,
777 3037 808 3089 16
825 3039 952 3103 integrum
969 3050 1014 3084 no-

110 3120 169 3155 men
194 3107 299 3169 11111111,
325 3123 350 3174 p.
369 3107 437 3170 265,
466 3109 499 3160 18
519 3108 647 3172 [rapinum
667 3106 740 3157 offert
762 3120 808 3172 pro
827 3105 933 3171 lippiam
957 3118 1015 3152 nam

112 3191 138 3240 p.
146 3173 205 3236 265,
214 3175 249 3228 29
265 3190 419 3240 praenomen
432 3177 458 3228 0.
478 3177 508 3228 ia
521 3175 635 3228 Gudiano
651 3174 752 3238 quidem
769 3174 853 3224 indice
871 3179 1016 3238 corruptum

112 3257 162 3293 nou
178 3251 225 3294 eat.

180 3327 226 3392 35)
243 3329 358 3379 Forsitan
380 3330 490 3395 priorem
509 3327 638 3391 Gudiano,
661 3328 826 3393 posteriorem
846 3320 1017 3377 1111111111-

111 3395 236 3447 miliorem
254 3398 378 3462 suspicari
394 3398 460 3458 licet,
479 3412 534 3446 cum
551 3398 576 3447 in
594 3395 677 3446 libello
691 3397 722 3446 de
739 3395 873 3447 Germania
886 3394 1023 3448 Leideneis

112 3471 136 3516 et
156 3466 294 3516 Vaticanus
312 3465 379 3516 1662
395 3466 527 3516 concinere
543 3467 648 3516 soleant.
