2286 3944
466 226 747 275 vruuumus.
1043 213 1103 278 219

109 373 153 435 dit
170 375 279 445 exitum
294 394 358 436 narn
376 379 572 439 confirmatum
589 397 642 457 per
657 378 771 456 legatos
789 397 857 440 suos
878 382 1028 459 imperium
1048 399 1102 459 per

110 476 146 518 se
162 459 289 518 retinere
307 477 365 519 non
379 463 480 539 potuit.

170 541 216 601 De
230 541 409 603 Betriacensi
426 546 548 605 victoria
565 554 594 604 et
612 544 732 604 Othonis
755 549 849 621 exitu,
873 565 936 606 cum
959 546 1052 606 adbuc
1074 548 1138 606 inl

110 624 205 687 Gallia
221 635 315 703 esset,
331 628 430 705 audiit,
452 628 581 707 nihilque
599 638 763 705 cunctatus,
786 630 923 708 quidquid
946 632 1101 708 praetoria·

98 727 211 774 ¹»narum
228 710 388 770 cohortium
403 712 469 789 fuit,
486 722 514 771 ut
529 713 647 790 pessimi
664 713 803 790 exempli,
827 730 884 771 uno
906 716 1104 773 exauctoravit

110 791 209 853 edicto
227 794 321 853 iussas
343 794 463 854 tribunis
485 796 601 855 tradere
622 814 710 855 arma.
755 794 875 855 (lentum
902 806 996 856 autem
1017 805 1102 874 atque

109 877 228 953 viginti,
250 894 370 955 quorum
391 877 509 938 libellos
531 878 636 938 Othoni
656 879 739 938 datos
760 881 910 939 invenerat
937 896 1102 956 exposcen-

110 961 180 1021 tium
194 961 350 1038 praemium
365 961 402 1021 ob
418 962 521 1022 editum
538 963 565 1021 in
585 962 674 1021 caede
691 961 800 1022 Galbae
816 981 948 1040 operam,
972 961 1103 1040 conquiri

111 1052 140 1103 et
150 1043 296 1122 supplicio
309 1045 393 1105 adfici
405 1047 572 1124 imperavit,
591 1048 713 1122 egregie
727 1064 846 1124 prorsus
856 1055 942 1124 atque
950 1046 1102 1122 magnifice

98 1136 141 1189 tet
156 1135 187 1186 ut
201 1130 300 1186 summi
316 1130 455 1208 principis
470 1146 553 1208 spem
569 1129 752 1206 ostenderet,
769 1131 823 1188 nisi
840 1139 937 1190 cetera
952 1130 1044 1205 magis
1065 1147 1104 1187 ex

110 1219 212 1271 natura
226 1219 255 1269 et
269 1213 368 1288 priore
385 1214 442 1273 vita
457 1231 508 1272 sua
521 1231 604 1291 quam
617 1231 654 1270 ex
666 1215 776 1291 imperii
788 1216 936 1273 maiestate
949 1215 1101 1290 gessisset.

108 1293 240 1371 Namque
251 1295 353 1354 itinere
365 1295 511 1372 inchoato,
529 1313 584 1374 per
595 1296 703 1355 medias
717 1298 848 1355 civitates
861 1299 916 1355 ritu
928 1295 1100 1373 triumphan-

108 1379 178 1439 tium
194 1385 296 1435 vectus
312 1387 372 1454 est,
389 1396 500 1457 perque
517 1379 629 1438 flumina
645 1378 855 1438 delicatissimis
873 1381 995 1456 navigiis
1012 1388 1040 1438 et
1053 1396 1100 1438 va·

109 1464 216 1521 riarum
232 1477 402 1520 coronarum
417 1480 528 1538 genere
546 1461 697 1538 redimitis,
721 1463 795 1521 inter
812 1463 1029 1541 profusissimos
1050 1462 1100 1521 ob·

98 1547 258 1605 ¹»strniorum
274 1555 440 1622 apparatus,
457 1545 534 1604 nulla
550 1544 676 1604 familiae
690 1554 737 1603 aut
751 1547 846 1605 militis
868 1546 1033 1625 disciplina,
1056 1564 1100 1605 ra·

110 1630 194 1708 pinas
210 1644 244 1686 ac
262 1627 448 1705 petulantiam
464 1631 587 1687 omnium
602 1629 630 1686 in
646 1629 741 1687 iocum
753 1639 883 1699 vertens;
901 1633 947 1708 qui
962 1647 1021 1688 non
1033 1646 1100 1689 con·

109 1712 181 1772 tenti
203 1710 291 1788 epulo
314 1711 419 1789 ubique
444 1712 560 1789 publice
583 1711 730 1788 praebito,
752 1732 949 1791 quoscumque
970 1713 1102 1772 libuisset

109 1797 136 1855 in
151 1793 317 1854 libertatem
332 1794 518 1871 asserebant,
535 1794 658 1855 verbera
675 1805 703 1854 et
717 1796 835 1873 plagas,
858 1815 948 1874 saepe
970 1796 1099 1870 vulnera,

108 1895 319 1955 nonnumquam
343 1897 445 1937 necem
466 1889 720 1956 repraesentantes
745 1880 973 1939 adversantibus.
1005 1881 1100 1956 thue

98 1978 245 2039 scampno,
263 1962 291 2020 in
307 1961 410 2040 quibus
425 1971 582 2041 pugnatum
597 1971 660 2037 est,
677 1962 748 2038 adit,
766 1963 947 2022 abhorrentis
962 1961 1101 2039 quosdam

110 2045 283 2106 cadaverum
308 2045 417 2122 tabern,
447 2045 610 2104 detestabili
636 2063 711 2104 voce
739 2049 908 2104 confirmare
935 2063 1020 2104 ausus
1047 2051 1100 2119 est,

109 2129 222 2208 optimc
244 2129 328 2188 olere
348 2129 484 2190 occisum
505 2128 637 2203 bostem,
660 2135 689 2188 et
707 2129 816 2188 melius
839 2129 943 2188 ciuem.
978 2127 1042 2186 Nec
1064 2144 1101 2186 eo

109 2213 201 2272 setius
223 2212 257 2271 ad
278 2212 441 2272 leniendam
461 2214 633 2289 gravitatem
655 2211 754 2271 odoris
776 2213 925 2290 plurimum
946 2212 1018 2270 meri
1035 2228 1100 2290 pro·

109 2297 205 2374 polam
220 2295 315 2356 bausit
330 2298 496 2376 passimque
513 2296 619 2354 divisit,
648 2295 714 2356 Pari
731 2297 856 2355 vanitate
873 2304 960 2372 atque
975 2295 1100 2355 insolen-

98 2381 144 2440 ,πίε
166 2378 293 2457 lapidem
313 2382 470 2440 memoriae
492 2379 614 2439 Othonis
637 2381 804 2458 inscriptum
826 2380 953 2455 intuens,
978 2378 1102 2459 dignum

107 2481 142 2524 co
165 2461 328 2524 Mausoleo
350 2465 405 2540 ait,
433 2466 664 2542 pugionemque‚
691 2481 747 2541 quo
772 2465 796 2522 is
822 2482 854 2523 se
883 2463 1048 2540 occiderat,
1073 2464 1101 2522 in

106 2546 354 2625 Agrippinensem
368 2547 511 2608 coloniam
524 2549 599 2606 misit
611 2547 694 2607 Marti
706 2547 902 2607 dedicandum.
936 2548 968 2607 ln
980 2547 1099 2626 Appen·

106 2632 163 2689 nini
181 2630 296 2707 quidem
313 2632 388 2708 iugis
407 2633 490 2690 etiam
507 2631 689 2708 pervigilium
704 2634 773 2709 egit.
801 2631 910 2693 Urbem
926 2633 1051 2708 denique
1063 2630 1098 2689 ad
1113 2642 1140 2695 ll

108 2714 261 2774 classicum
276 2716 386 2774 introiit
402 2714 553 2793 paludatus
571 2715 709 2793 ferroque
724 2717 905 2792 succinctus,
928 2717 1001 2774 inter
1017 2716 1100 2790 signa

98 2806 195 2876 »atque
210 2798 332 2876 vexilla,
349 2798 489 2875 sagulatis
506 2797 668 2876 comitibus,
687 2817 721 2858 ac
736 2799 858 2859 detectis
877 2799 1101 2858 commilitonum

107 2899 202 2940 armis.

166 2964 263 3041 Magis
279 2965 383 3026 deinde
400 2984 434 3025 ac
452 2967 544 3041 magis
562 2967 638 3024 omni
653 2966 749 3026 divino
765 2966 945 3043 humanoque
957 2966 1018 3022 iure
1030 2981 1100 3040 neg-

106 3048 201 3126 lecto,
224 3048 348 3109 Alliensi
371 3050 416 3109 die
434 3050 630 3128 pontificatum
649 3051 800 3109 maximum
823 3051 916 3126 cepit,
943 3048 1058 3106 comitia
1073 3048 1101 3105 in

106 3132 207 3193 decem
230 3151 320 3193 annos
344 3134 487 3194 ordinavit
509 3151 599 3210 seque
624 3142 795 3211 perpetuum
815 3131 972 3191 consulem.
1003 3130 1041 3190 Et
1063 3148 1101 3189 ue

107 3218 150 3276 cui
175 3215 289 3276 dubium
310 3217 402 3295 foret,
426 3215 504 3294 quod
527 3217 678 3294 exemplar
695 3215 843 3292 regendae
860 3215 903 3272 rei
918 3233 945 3292 p.
965 3213 1099 3291 eligeret,

103 3299 198 3361 medio
225 3300 328 3360 Martio
353 3318 454 3379 campo
478 3299 602 3359 adhibita
626 3300 807 3378 publicorum
832 3299 1015 3358 sacerdotum
1043 3298 1100 3358 ire·

103 3386 219 3461 quentia
233 3384 351 3445 inferias
366 3385 476 3444 Neroni
492 3383 587 3460 dedit,
603 3402 637 3443 ac
653 3383 786 3443 sollemni
801 3383 934 3442 convivio
960 3382 1100 3443 citharoe-

102 3465 165 3527 dum
182 3468 345 3547 placentem
357 3469 452 3549 palam
463 3467 619 3546 admonuit,
636 3477 665 3527 ut
677 3467 795 3549 aliquid
804 3472 833 3527 et
843 3466 881 3528 dc
892 3466 1042 3529 dominico
1054 3464 1098 3528 ds.
