2286 3944
514 241 617 289 NERO.
1009 238 1063 298 171

86 403 146 454 nter
167 392 318 453 sollemnia
340 395 471 474 triumphi
489 406 695 475 prosequente.
718 397 750 456 lu
770 397 845 456 hunc
859 397 929 458 dixit
943 399 1066 460 licinius

86 477 197 537 lrassus
210 485 326 553 orator,
343 496 405 538 noo
416 497 484 539 esse
495 481 684 556 mirandum,
701 481 783 558 qaod
796 497 923 541 aeneam
935 482 1067 545 barbam

86 559 215 635 aberet,
237 559 288 619 cui
308 577 344 620 os
363 560 517 639 ferream,
541 582 595 624 cor
606 563 781 641 plumbeam
803 573 891 624 esset.
925 566 1014 627 Huius
1036 570 1066 628 lr-

86 646 126 704 lus
143 651 262 722 praetor
277 640 310 702 0.
327 642 482 705 Gaesarem
499 645 651 706 abeuntem
673 647 837 723 consulatu,
860 666 943 726 quem
964 651 1065 712 adver·

86 746 120 788 ns
140 726 269 805 auspicia
285 726 428 807 legesque
443 731 573 806 gessisse
590 729 820 806 existimabatur,
843 731 878 789 ad
893 732 1065 811 disquisitio-

86 828 137 871 nem
150 818 266 869 senatus
278 815 408 881 vocavit;
426 829 493 872 mox
509 814 610 873 consul
623 815 825 890 imperatorem
839 813 874 872 ah
890 816 1066 876 exercitibus

86 894 192 956 lallicis
207 893 355 954 retrahere
377 897 541 975 temptavit,
566 913 777 974 successorque
793 897 820 954 ei
842 914 896 974 per
912 898 1066 958 factionem

86 980 247 1052 ‚ominalus,
280 979 421 1056 principio
446 980 538 1038 civilis
559 979 630 1038 belli
650 978 685 1038 ad
708 977 864 1038 Corfinium
888 990 989 1058 captus
1011 991 1065 1041 est.

86 1061 156 1122 lude
172 1060 304 1119 dimissus
319 1061 508 1122 Massiliensis
524 1063 674 1122 obsidione
690 1062 846 1122 laborantis
867 1081 929 1122 cum
943 1064 1066 1124 adventu

86 1163 124 1205 no
141 1145 354 1220 confirmasset,
378 1155 500 1224 repente
516 1146 658 1222 destituit,
678 1147 798 1223 acieque
820 1145 931 1205 demum
947 1147 1066 1208 Pharsa-

86 1231 127 1288 ica
147 1226 298 1296 occubuit3
327 1230 370 1286 vir
392 1247 485 1307 neque
507 1232 576 1289 satis
598 1239 731 1290 constans
748 1238 777 1287 et
791 1230 909 1304 ingenio
926 1232 1017 1307 truci,
1039 1232 1068 1289 in

86 1313 278 1390 [esperatione
292 1329 387 1370 rerum
405 1321 525 1372 mortem
543 1314 645 1372 timore
663 1313 819 1391 appetitam
834 1313 871 1371 ita
889 1316 1020 1392 expavit,
1039 1323 1068 1372 ut

86 1403 203 1456 austum
222 1411 361 1453 venenum
380 1397 554 1474 paenitentia
578 1397 737 1456 evomuerit
757 1395 955 1474 medicumque
972 1415 1066 1457 manu·

86 1479 198 1554 niserit,
216 1476 292 1555 quod
306 1477 360 1536 sibi
376 1478 501 1557 prudens
518 1481 660 1538 nesciens
675 1480 766 1537 minus
780 1481 895 1538 noxium
909 1490 1066 1560 temperas·

87 1570 127 1621 et
151 1558 339 1620 consultante
357 1570 450 1620 autem
466 1561 525 1621 GN.
543 1563 681 1640 Pompeio
697 1562 733 1621 de
755 1561 856 1621 mediis
882 1581 915 1622 ac
938 1573 1067 1624 neutram

86 1652 185 1705 mrtem
201 1644 403 1722 sequentibus,
420 1645 500 1704 solus
515 1649 627 1705 censuit
641 1645 764 1705 hostium
776 1663 893 1704 numero
906 1645 1065 1706 habendos.

134 1727 263 1806 Reliquit
278 1727 364 1787 lilium
380 1728 510 1788 omnibus
523 1731 618 1803 gentis
637 1747 706 1789 suae
725 1729 827 1806 procul
849 1728 934 1788 dubio
951 1730 1094 1808 praelo-3

87 1812 202 1873 endum.
224 1809 252 1869 ls
270 1811 343 1870 inter
365 1813 500 1871 conscios
522 1811 713 1872 Caesarianae
733 1813 814 1871 necis
838 1830 1007 1889 quamquam
1024 1815 1064 1871 in·

87 1913 143 1956 ons
163 1893 309 1953 damnatus
330 1895 398 1972 lege
419 1895 520 1971 Pedia,
544 1914 606 1954 cum
629 1896 664 1955 ad
689 1893 819 1954 Cassium
838 1895 1011 1974 Brutumque
1034 1913 1066 1953 se

86 1995 238 2057 troprnqua
253 1976 307 2036 sibi
321 1979 495 2055 cognatione
510 1980 623 2038 iunctos
639 1978 820 2054 contulisset,
838 1987 904 2056 post
919 1979 1067 2055 utriusque

86 2062 215 2122 meritum
231 2061 355 2121 classem
370 2061 437 2121 olim
456 2064 637 2121 commissam
655 2063 782 2137 retinuit,
803 2062 880 2120 auxit
893 2061 994 2136 etiam,
1013 2077 1068 2118 neo

86 2146 126 2205 isi
143 2143 273 2223 partibus
288 2143 391 2222 ubique
406 2145 569 2223 profligatis
583 2145 620 2204 ll.
643 2143 770 2203 Antonio
792 2152 895 2220 sponte
918 2152 947 2201 et
967 2144 1066 2220 ingen·

86 2228 217 2289 inmeriti
232 2228 299 2288 loco
312 2227 441 2297 tradidit;
459 2229 597 2306 solusque
614 2228 736 2286 omnium
751 2244 788 2284 ex
800 2228 849 2301 iis,
867 2228 914 2303 qui
924 2229 984 2306 pari
999 2227 1067 2302 lege

86 2312 194 2373 annau
220 2319 318 2387 erant,
344 2313 491 2370 restitutus
512 2313 540 2370 iu
563 2314 697 2389 patriam,
727 2310 920 2388 amplissimos
939 2309 1067 2369 honores

86 2396 268 2463 concucurrit:
286 2413 320 2454 ac
332 2393 452 2454 subinde
464 2394 659 2471 redintegrata
672 2394 854 2453 dissensione
867 2393 960 2470 civili,
974 2393 1067 2452 eidem

86 2479 198 2539 lntonio
216 2477 348 2554 legatus,
367 2477 490 2539 delatam
506 2477 559 2537 sibi
581 2496 715 2538 summam
732 2479 844 2556 imperii
866 2476 967 2554 abiis,
994 2494 1066 2555 quos

86 2560 247 2639 teoparrae
260 2560 402 2638 pudebat,
419 2580 512 2640 neque
523 2563 673 2640 suscipere
685 2579 779 2639 neque
795 2578 932 2620 recusare
945 2561 1067 2620 lidenter

88 2653 194 2722 ropter
212 2642 332 2704 suhitam
352 2645 536 2704 valitudinem
556 2663 656 2722 ausus,
680 2646 790 2704 transiit
812 2644 847 2704 ad
862 2644 1023 2720 Augustum
1039 2651 1067 2700 et

86 2726 213 2788 ndiebus
229 2728 328 2805 paucis
341 2727 425 2803 obiit,
442 2729 577 2788 nonnulla
592 2739 620 2787 et
631 2731 695 2808 ipse
707 2728 821 2787 infamia
833 2745 980 2804 aspersus.
994 2725 1067 2784 Nam

86 2811 215 2871 latonius
230 2827 294 2869 eum
310 2810 454 2871 desiderio
470 2814 579 2872 amicae
598 2811 740 2871 Serviliae
759 2809 859 2870 Naidis
875 2809 1066 2885 transfugisse

86 2895 197 2954 rotavit.

129 2976 179 3039 Ex
193 2977 249 3036 hoc
260 2976 400 3038 Domitius
412 2979 555 3054 nascitur,
571 2996 655 3057 quem
668 2985 827 3055 emptorem
843 2975 967 3034 familiae
980 2981 1095 3051 pecu-4

86 3062 194 3139 iateque
211 3062 240 3119 in
254 3069 424 3120 testamento
440 3061 564 3138 Augusti
579 3062 669 3120 luisse
684 3078 753 3120 mox
767 3060 857 3135 vulgo
869 3066 997 3117 notatum
1013 3064 1067 3132 est,

87 3161 126 3205 on
141 3145 236 3202 minus
250 3145 398 3221 aurigandi
418 3154 479 3204 arte
496 3146 525 3203 iu
542 3143 738 3204 adulescentia
755 3143 851 3201 clarus
868 3159 951 3219 quam
964 3137 1067 3198 deinde

87 3229 245 3289 rnamentis
260 3227 477 3306 triumphalibus
494 3246 531 3287 ex
549 3227 721 3288 Germanico
744 3225 834 3284 hello.
864 3227 972 3284 Verum
989 3239 1066 3282 arro·

86 3328 160 3387 ans,
177 3311 329 3390 profusus,
353 3313 465 3370 immitis
482 3328 633 3370 censorem
648 3310 678 3368 L.
697 3309 833 3368 Plancum
851 3310 896 3367 via
912 3306 965 3365 sibi
982 3305 1066 3365 dece-

86 3411 138 3455 ere
153 3393 258 3454 aedilis
274 3397 385 3471 coegit;
413 3404 566 3473 praeturae
589 3393 812 3470 consulatusque
828 3391 939 3450 honore
956 3390 1068 3470 equites

86 3482 102 3538 l.
130 3487 335 3556 matronasque
364 3477 399 3538 ad
424 3478 565 3554 agendum
589 3478 700 3535 mimum
726 3475 861 3554 produxit
881 3477 908 3534 in
924 3493 1067 3535 scaenam.
