2286 3944
120 188 178 249 134
222 198 252 247 c.
268 193 417 244 consona
432 191 559 252 nanno.
575 191 624 240 cu
636 191 721 240 vrrn
734 190 923 240 cunsueuu
935 193 1010 241 urs.
1024 194 1086 242 1111.

116 357 181 416 dem
200 354 341 412 factorum
366 350 566 428 dictorumque
588 347 708 407 saevitia
732 345 841 407 aderat.
888 348 992 428 Saepe
1015 351 1043 408 in
1065 368 1122 410 con·

116 447 218 519 spectu
249 435 416 515 prandentis
443 434 491 494 vel
519 432 699 492 comissantis
732 432 828 491 seriae
857 434 1053 510 quaestiones
1078 451 1123 512 per

117 530 258 585 tormenta
272 518 468 596 habebantur,
488 517 571 577 miles
588 514 753 576 decollandi
769 514 878 576 artifex
899 517 1123 598 quibuscumque

117 628 134 669 e
158 605 287 667 custodia
312 605 406 682 capita
433 600 607 681 amputabat.
651 599 779 660 Puteolis
804 598 995 661 dedicatione
1024 603 1122 682 pontis,

117 709 202 772 quem
217 691 416 766 excogitatum
431 687 467 747 ab
483 704 519 746 eo
536 685 776 762 significavimus,
805 702 871 743 cum
886 685 999 746 multos
1016 704 1034 746 e
1048 685 1140 746 litaret

117 778 271 837 invitasset
305 773 338 833 ad
371 790 419 849 se,
455 777 578 850 repente
608 769 700 829 omnis
729 770 954 848 praecipitavit,
995 770 1124 850 quosdam

118 858 318 940 gubernacula
353 854 606 936 apprehendentes
638 855 731 913 contis
764 855 912 933 remisque
947 854 1074 916 detrusit
1100 857 1123 913 in

118 963 208 1006 mare.
252 944 362 1004 Romae
390 940 507 1020 publico
536 937 623 1018 epulo
652 955 768 998 servum
796 936 833 998 ob
857 937 1024 1000 detractam
1049 940 1123 1000 lectis

119 1037 287 1107 argenteam
310 1027 440 1087 laminam
463 1024 592 1084 carnifici
616 1021 769 1083 confestim
793 1020 923 1100 tradidit,
949 1032 983 1083 ut
1004 1023 1123 1085 manibus

119 1113 242 1175 abscisis
260 1120 345 1189 atque
366 1117 431 1169 ante
447 1117 549 1187 pectus
566 1126 582 1166 e
600 1106 677 1167 collo
696 1106 908 1188 pendentibus,
930 1109 1138 1186 praecedente¹

120 1197 202 1259 titulo
225 1196 273 1273 qui
296 1211 410 1254 causam
432 1210 544 1271 poenae
564 1191 720 1269 indicaret,
747 1209 800 1272 per
824 1200 927 1252 coetus
953 1193 1124 1272 epulantium

121 1279 391 1342 circumduceretur.
430 1274 640 1337 bfurmillcnem
661 1275 782 1352 eludo,
808 1274 926 1336 rudibus
949 1295 1052 1337 secum
1070 1276 1123 1336 bat·

120 1371 245 1425 tuentem
261 1370 290 1420 et
307 1368 412 1439 sponte
430 1369 621 1439 prostratum,
655 1359 783 1420 confodit
799 1360 898 1420 ferrea
916 1361 982 1421 sica
1002 1380 1036 1422 ac
1051 1377 1123 1421 more

118 1451 258 1508 victorum
274 1462 337 1505 cum
355 1445 450 1523 palma
472 1445 652 1505 discucurrit.
697 1444 820 1506 Admota
842 1444 985 1505 altaribus
1006 1447 1122 1519 victima,

118 1532 282 1592 succinctus
295 1546 437 1608 poparum
450 1529 548 1590 habitu
562 1529 638 1590 elato
652 1529 710 1590 alte
722 1529 827 1591 malleo
842 1529 1013 1590 cultrarium
1026 1538 1138 1591 mactat

117 1617 166 1675 vit.
200 1613 333 1675 hautiore
350 1617 483 1675 convivio
507 1614 614 1674 effusus
631 1613 724 1674 subito
747 1617 775 1674 in
798 1613 975 1692 cachinnos,
1008 1613 1123 1676 consuli·

117 1700 187 1777 bus,
220 1701 267 1778 qui
283 1701 361 1760 iuxta
386 1700 543 1777 cubabant,
575 1700 706 1778 quidnam
722 1700 831 1760 rideret
852 1697 960 1760 blande
988 1715 1123 1778 quaeren-

117 1783 192 1845 tibus
213 1781 310 1860 Qut'd,
333 1786 438 1864 inquit,
464 1785 603 1845 niciano
626 1803 691 1847 mco
712 1791 788 1846 nutu
806 1783 946 1864 iugulari
969 1791 1126 1864 utrutnqcc

77 1876 250 1934 tacestrun
270 1869 374 1930 statim
393 1872 511 1949 posse?
541 1868 619 1930 lnter
641 1871 738 1931 varios
765 1871 865 1944 iocos,
899 1886 963 1928 curn
990 1870 1125 1930 assistens

118 1954 272 2016 simulacro
301 1953 380 2015 lovis
406 1954 535 2035 Apellen
563 1954 733 2031 tragoedum
768 1954 962 2014 consuluisset
997 1965 1062 2016 uter
1091 1954 1125 2014 illi

117 2041 208 2100 maior
231 2039 395 2117 videretur,
429 2047 610 2101 cunctantem
633 2039 758 2118 flagellis
787 2037 917 2116 discidit,
950 2039 1125 2101 conlaudans

118 2123 239 2184 subinde
262 2141 366 2185 vocem
383 2125 569 2204 deprecantis
592 2127 672 2204 quasi
699 2126 782 2184 etiam
807 2124 836 2183 in
860 2123 971 2202 gemitu
995 2121 1124 2204 praedul-

119 2227 191 2269 cem.
237 2208 378 2284 Quotiens
399 2210 499 2270 uxoris
520 2208 568 2268 vel
595 2208 732 2270 amiculae
760 2207 866 2268 collum
892 2209 1124 2285 exoscularetur,

117 2292 255 2354 addebat:
293 2291 367 2354 f'cm
396 2293 480 2356 tnnc
511 2293 618 2355 carnia
647 2292 738 2354 simul
767 2309 806 2354 cc
832 2292 956 2354 iussero
978 2292 1123 2355 demetur.

118 2378 191 2452 Quin
208 2386 237 2437 et
257 2377 378 2436 subinde
401 2377 542 2454 iactabat,
573 2378 797 2457 acquisiturum
812 2395 846 2437 se
865 2377 916 2439 ccl
930 2375 1074 2456 fidiculis
1093 2376 1143 2436 dc

116 2458 274 2520 Caesonio
289 2478 365 2535 cun,
397 2479 454 2521 our
469 2478 536 2521 eom
552 2467 638 2522 tanto
655 2480 750 2541 opere
765 2460 915 2542 diligeret.

73 2552 107 2607 34
176 2541 240 2602 Nec
255 2545 366 2603 minore
383 2543 478 2605 livore
495 2564 528 2605 ac
544 2545 723 2622 malignitate
740 2564 823 2626 quarn
840 2546 977 2624 superbia
993 2548 1124 2608 saevitia·

116 2646 171 2707 que
193 2645 287 2707 paene
312 2627 451 2689 adversus
474 2630 565 2690 omnis
592 2632 657 2690 aevi
684 2630 828 2691 hominum
854 2649 948 2708 genus
975 2639 1124 2709 grassatus

115 2721 169 2772 est.
215 2713 330 2774 Statuas
348 2715 473 2773 virorum
493 2713 670 2793 inlustrium,
700 2716 736 2775 ab
752 2714 886 2792 Augusto
904 2733 942 2775 ex
959 2712 1124 2794 Capitolina

115 2815 183 2857 arca
208 2805 330 2876 propter
359 2799 506 2874 angustias
533 2799 561 2858 in
589 2817 720 2878 campum
745 2799 875 2860 lllartium
904 2799 1056 2874 conlatas,
1089 2799 1139 2857 itat

114 2880 256 2941 subvertit
272 2891 358 2962 atque
374 2881 537 2960 disiecitut
553 2885 664 2943 restitui
681 2884 770 2944 salvis
785 2883 873 2944 titulis
891 2894 950 2944 n'ou
967 2885 1124 2964 potuerint,

114 2967 262 3044 vetuitque
291 2966 415 3046 posthac
440 2968 596 3028 viventium
626 2969 756 3048 cuiquam
786 2985 906 3048 usquam
929 2975 1057 3030 statuam
1083 2973 1126 3028 aut

113 3050 268 3126 imaginem
283 3052 337 3110 nisi
353 3050 486 3112 consulto
511 3061 540 3112 et
555 3061 676 3113 auctore
694 3071 727 3114 se
748 3054 827 3133 poni.
874 3049 1025 3130 Cogitavit
1043 3052 1124 3114 etiam

113 3131 149 3191 de
166 3133 284 3194 Homeri
301 3135 472 3197 carminibus
490 3135 658 3214 abolendis,
691 3156 747 3198 cur
761 3136 840 3200 caim
852 3134 915 3198 sibi
937 3155 1000 3199 non
1021 3136 1123 3211 licere,

112 3215 229 3293 dicens,
259 3219 343 3298 quod
362 3217 487 3281 Platoni
506 3221 661 3298 licuisset,
690 3221 743 3300 qui
763 3240 831 3283 cum
854 3218 1015 3282 ecfcttote
1035 3236 1136 3302 quam

112 3299 320 3363 constituebat
334 3304 478 3365 eiecerit?
499 3307 558 3366 Sed
575 3316 603 3368 et
619 3307 734 3384 Virgilii
750 3325 785 3366 ac
802 3305 857 3365 'l'iti
877 3305 939 3365 Liui
961 3307 1074 3386 scripta
1098 3311 1124 3364 et

111 3383 252 3459 imagines
280 3387 395 3465 paulum
421 3389 491 3449 afuit
517 3393 583 3470 quin
610 3410 647 3451 ex
674 3389 805 3451 omnibus
830 3389 1016 3450 bibliothecis
1048 3405 1123 3451 amo·

112 3474 209 3543 reret,
239 3487 359 3548 quorum
388 3472 436 3518 nra
462 3493 498 3518 sm
516 3484 546 3514 ¹¹*
561 3475 663 3522 sollius
680 3474 788 3535 ircrescii
805 3474 998 3554 minimaeque
1016 3472 1122 3536 doctri-
