2286 3944
325 637 421 735 DE
463 639 967 736 RHETORIBUS.

115 1021 130 1074 l
208 1008 365 1070 Rhetorica
378 1024 493 1086 quoque
503 1006 578 1086 apud
589 1024 643 1067 noa
655 1007 776 1086 perinde
789 1016 875 1086 atque
886 1010 1059 1084 grammatic

146 1101 264 1170 recepta
280 1101 341 1168 eat,
357 1091 443 1169 paulo
456 1094 541 1150 etiam
552 1089 715 1167 difficilius,
730 1093 840 1170 quippe
851 1109 935 1169 quam
953 1101 1057 1151 conste

147 1193 287 1254 nunquam
299 1177 383 1235 etiam
399 1174 572 1252 prohibitam
587 1177 730 1234 exerceri.
762 1174 896 1250 Quodne
913 1177 959 1234 cui
975 1175 1059 1233 dubia

147 1268 230 1319 vetos
252 1260 281 1318 S.
301 1257 333 1318 G.
357 1260 424 1316 item
449 1259 611 1316 censorium
637 1257 761 1318 edictum
781 1257 945 1318 subiiciam:
979 1257 1059 1318 OF

146 1341 300 1402 Strabone
311 1339 352 1401 Μ.
371 1337 493 1401 Valerio
506 1339 646 1402 Messala
662 1360 745 1403 cons.
766 1341 807 1403 Μ.
822 1340 1011 1420 Pomponius
1023 1361 1059 1421 pr

147 1429 286 1484 senatum
297 1423 459 1484 consuluit.
477 1422 568 1497 Quod
578 1424 676 1486 cerba
685 1425 777 1503 fucta
788 1431 859 1485 sunt
870 1425 909 1484 dc
915 1425 1059 1503 philosop

146 1506 331 1583 rossontus,
344 1507 383 1567 de
389 1525 427 1567 ea
436 1509 523 1569 reita
530 1515 722 1586 conuocat,
734 1509 815 1571 utM.
824 1508 1014 1586 Pomponius
1026 1529 1059 1587 pr

148 1590 406 1651 animadverteret
418 1605 619 1671 curarctque,
641 1600 676 1653 ut
685 1594 714 1652 si
729 1594 757 1654 ei
770 1613 786 1654 e
799 1612 835 1654 rc
847 1611 877 1672 p.
891 1592 1021 1672 fideque
1036 1611 1059 1651 si

149 1675 283 1750 deretur,
298 1675 345 1735 uti
354 1674 521 1736 Romaene
532 1684 642 1737 esseut.
668 1677 712 1736 De
727 1678 836 1738 eisdem
851 1678 1005 1736 interiecto
1023 1687 1059 1736 ter

150 1757 210 1818 CN.
225 1758 367 1819 Domitius
384 1758 594 1836 iterabamus,
619 1761 649 1821 L.
667 1760 792 1822 Licinius
809 1760 932 1821 Crassus
954 1778 1058 1819 censor

150 1843 316 1904 edixerunt:
334 1844 550 1904 Renuntiatum
564 1850 610 1904 est
622 1842 724 1920 nolis,
741 1863 810 1906 esse
825 1844 962 1905 homines
978 1862 1058 1922 que
1044 1865 1058 1903 r

149 1945 247 2006 penus
258 1927 444 2006 disciplinae
462 1928 672 2004 instituerunt,
693 1929 737 1988 ad
750 1947 827 2010 quos
850 1928 1017 1988 iuuentus
1005 1947 1038 1986 ιιι
1052 1945 1058 1988 ι

152 2011 334 2082 conveniat}
368 2030 421 2073 eos
446 2011 508 2073 sibi
532 2031 642 2073 nomeu
674 2012 859 2090 imposuisse
888 2009 1022 2071 latinos
1051 2031 1058 2070 ι

150 2112 229 2165 ras,·
222 2094 291 2155 ·ttt
303 2095 438 2156 lominus
457 2096 703 2157 adolescentulos
721 2097 790 2158 dies
809 2103 889 2156 totos
907 2093 1058 2156 desidere

151 2178 236 2239 iores
255 2179 368 2255 nostri,
390 2196 470 2258 quae
488 2179 603 2242 liberos
624 2197 699 2240 suos
721 2181 842 2240 discere
863 2186 892 2238 et
912 2197 990 2257 quos
1010 2179 1044 2238 iu

151 2262 232 2322 itare
244 2262 371 2339 vellent,
387 2263 591 2324 instituerunt.
626 2261 714 2325 Haec
728 2281 827 2339 noca,
845 2280 925 2342 puae
938 2269 1057 2339 praeter

151 2345 342 2405 suetudinem
357 2364 396 2406 ae
410 2365 523 2407 rnorem
539 2348 690 2407 maiorum
702 2348 795 2425 fiunt,
812 2365 908 2426 neque
918 2346 1046 2422 placent

150 2433 237 2488 rectu
250 2428 402 2488 cillentur.
443 2428 642 2509 Quapropter
664 2437 692 2491 et
707 2432 748 2491 iis
768 2431 821 2511 qui
840 2448 894 2492 eos
919 2429 1010 2490 ludos
1030 2429 1057 2488 lu

151 2518 181 2573 et
208 2511 248 2572 iis
269 2511 321 2589 qui
346 2530 381 2572 eo
402 2513 509 2573 uenire
537 2523 738 2591 consuerunt,
768 2514 889 2574 videtur
913 2512 1057 2591 faciundo

153 2595 380 2657 ostenderemus
391 2603 531 2657 nostram
548 2599 744 2675 sententiam,
760 2597 851 2659 nobis
864 2616 926 2658 nan
937 2598 1057 2674 placem

213 2679 349 2740 Paulatim
365 2689 393 2739 et
405 2682 469 2759 ipsa
484 2682 561 2741 utilis
576 2682 756 2760 honestaque
769 2684 918 2761 apparuit,
936 2681 1056 2757 multiqu

153 2773 182 2824 et
198 2763 334 2842 praesidii
351 2782 438 2825 causa
455 2774 484 2824 et
501 2765 614 2842 gloriae
631 2769 842 2845 appetiverunt.
873 2763 978 2824 Cicero
992 2764 1026 2822 ad
1042 2784 1056 2842 p

152 2866 211 2906 ram
232 2865 325 2925 usque
347 2851 431 2908 etiam
458 2848 569 2910 Graece
595 2849 805 2925 declamitant,
832 2849 931 2909 Latine
959 2865 1031 2906 vero

153 2949 268 3010 quoque
289 2932 445 3012 etquidem
464 2952 527 2993 cum
552 2934 717 2994 consulibua
733 2934 824 2993 Hirtio
847 2941 875 2991 et
890 2931 997 3006 Pansa,
1022 2949 1056 3008 qu

152 3014 291 3091 scipulos
307 3023 336 3077 et
350 3017 482 3097 prandis
497 3025 712 3095 praetentatus
739 3015 873 3077 vocabat.
905 3013 965 3074 CN.
988 3015 1056 3074 Pom

154 3098 267 3175 quidam
284 3098 415 3161 historici
431 3101 606 3162 tradiderunt
620 3102 696 3162 sub
682 3119 780 3201 ipsum
798 3099 884 3159 civile
900 3098 1006 3157 bellum
1012 3116 1056 3175 ‚q

154 3180 288 3240 ciliusG
308 3183 425 3245 Curioni
441 3188 655 3265 promptissimo
680 3186 793 3261 iuveni,
819 3200 934 3242 eausam
951 3144 1055 3240 Cae’sar

153 3264 296 3343 lementi,
317 3268 529 3330 contradiceret
535 3271 701 3349 repetisse
712 3266 889 3328 declamandi
905 3275 1055 3325 consuetu(

152 3346 190 3406 Μ.
207 3313 413 3478 Antoiriumu
393 3353 457 3399 ἶιιιιιι
485 3353 629 3430 lignenm
563 3363 629 3400 ιιιιιι
670 3351 805 3394 *civil*
808 3349 976 3427 quidem
990 3349 1055 3407 bell

154 3431 227 3489 sisse
277 3432 376 3492 *leer‘
536 3455 557 3480 ·¹
873 3432 1055 3510 ¹'l'coouoq
