2286 3944
394 258 498 306 mvus
521 257 709 305 uuausrus.
981 245 1021 305 77

19 409 121 490 potius
132 411 214 488 sequi
230 410 406 488 opinionem,
423 414 470 489 qui
487 412 606 490 perinde
624 410 805 471 scribendum
821 429 857 471 ac
871 412 1022 490 loquamur

20 493 197 554 existiment.
228 493 301 553 Nam
322 495 399 573 quod
421 513 510 573 saepe
526 514 584 555 non
598 496 708 555 litteras
723 495 808 554 modo
826 495 878 554 sed
893 494 1022 569 syllabas

19 585 71 637 aut
96 586 239 655 permutat
261 585 309 637 aut
335 581 488 655 praeterit,
516 580 672 638 communis
693 579 837 638 hominum
860 596 943 638 error
966 587 1020 637 est.

18 658 87 720 Nec
101 677 158 737 ego
174 660 202 719 id
217 671 361 736 notarem,
378 662 431 720 uisi
445 663 512 722 mihi
527 664 627 721 mirum
641 664 789 721 videretur
804 660 957 721 tradidisse
972 661 1021 720 ali-

21 761 113 822 quos,
135 743 233 820 legato
256 763 320 804 eum
343 745 486 805 consulari
510 764 713 805 successorem
735 745 850 804 dedisse
874 754 903 804 ut
918 744 981 804 rudi
994 753 1023 803 ct

20 827 156 904 indocto,
182 829 261 886 cuius
282 846 365 887 manu
388 829 437 888 ici
453 847 506 908 pro
531 830 595 907 ipsi
617 831 755 907 scripturn
780 828 1022 888 animadverterit.

22 911 166 986 Quotiens
186 920 279 970 autem
301 930 354 989 per
371 921 454 972 notas
471 913 586 988 scribit,
608 913 631 972 B
646 932 699 991 pro
715 913 756 989 A,
773 910 796 972 G
812 930 866 990 pro
881 911 904 970 B
920 929 955 971 ac
971 911 1021 970 de-

20 995 126 1074 inceps
147 994 248 1054 cadem
270 997 382 1055 ratione
403 998 551 1074 sequentis
569 997 681 1056 litteras
700 999 794 1074 ponit;
818 1014 871 1074 pro
887 995 915 1054 X
931 1004 1024 1055 autem

22 1077 134 1157 duplex
149 1078 185 1137 Α.

10 1178 13 1205 t
84 1161 129 1220 Ne
147 1161 321 1222 Graecarum
344 1163 458 1240 quidem
476 1164 691 1241 disprlinarum
706 1164 819 1222 leviore
837 1162 930 1221 studio
946 1163 1066 1219 tene-89

23 1247 116 1306 batur.
137 1246 168 1304 ln
184 1247 286 1323 quibus
302 1255 330 1305 et
344 1247 417 1324 ipsis
432 1247 597 1324 praestabat
611 1247 739 1325 largiter,
756 1249 894 1324 magistro
911 1242 1025 1304 dicendi

21 1348 94 1390 usus
110 1328 295 1407 Apollodoro
312 1330 508 1407 Pergameno,
526 1349 610 1410 quem
627 1332 682 1390 iarn
698 1330 836 1408 grandem
851 1340 918 1388 natu
934 1326 1025 1406 Apol·

21 1414 131 1474 lonia'm
152 1431 268 1491 quoque
291 1432 389 1473 secum
409 1414 444 1473 ab
463 1415 534 1474 urbe
556 1416 669 1474 iuvenis
687 1414 779 1474 adhuc
797 1414 953 1488 eduxerat,
976 1411 1025 1470 de·

21 1497 92 1557 inde
108 1497 267 1556 eruditione
283 1498 367 1557 etiam
381 1499 461 1557 varia
476 1499 606 1576 repletus
623 1517 676 1576 per
687 1498 758 1557 Arei
774 1496 940 1577 philosophi
952 1495 1025 1554 lilio·

10 1595 146 1658 rrumque
168 1581 231 1640 eius
246 1580 367 1656 Dionysi
390 1589 418 1639 et
432 1581 586 1642 Nicanoris
604 1582 818 1642 contubernium
828 1605 835 1650 ;
857 1589 1026 1640 nontamen

23 1673 55 1724 ut
77 1673 124 1723 aut
144 1663 314 1742 loqueretur
335 1665 472 1742 expedite
494 1676 542 1725 aut
565 1684 741 1744 componere
762 1665 870 1743 aliquid
891 1663 1025 1731 auderet;

23 1767 90 1808 narn
112 1756 140 1805 et
163 1750 186 1806 si
208 1748 274 1826 quid
295 1767 344 1807 res
359 1750 508 1825 exigeret,
529 1749 627 1810 Latine
643 1750 785 1810 formabat
800 1747 1026 1824 uertendumque

23 1831 75 1892 alii
89 1830 183 1890 dabat.
215 1831 273 1890 Sed
288 1831 375 1910 plane
390 1842 551 1910 poematum
565 1852 681 1912 quoque
700 1851 758 1893 non
771 1834 929 1909 imperitus,
948 1829 1026 1889 dele·

24 1915 158 1974 ctabatur
170 1917 254 1974 etiam
265 1914 417 1975 comoedia
429 1920 521 1976 veteri
540 1926 568 1976 et
581 1936 671 1995 saepe
690 1936 752 1976 eam
765 1915 893 1975 exhibuit
912 1921 1025 1992 specta-

10 1999 101 2059 ·culis
123 1998 256 2076 publicis.
293 1999 326 2059 ln
353 1999 522 2059 evolvendis
547 2003 695 2079 utriusque
720 2001 836 2076 linguae
861 1995 1028 2057 auctoribus

22 2082 96 2143 nihil
111 2100 204 2160 aeque
221 2083 400 2160 sectabatur,
426 2101 509 2161 quam
532 2093 690 2161 praccepta
711 2093 740 2142 et
762 2081 896 2160 exempla
911 2079 1027 2158 publice

22 2165 74 2227 vel
93 2168 224 2244 privatim
243 2167 379 2243 salubria,
398 2185 496 2244 eaque¹
513 2167 548 2226 ad
570 2166 690 2227 verbum
702 2174 841 2244 excerpta
860 2162 960 2223 autad
978 2162 1028 2222 do-

22 2250 163 2310 mesticos
187 2251 284 2311 autad
303 2252 480 2311 exercituum
492 2252 762 2328 provinciarumque
781 2257 915 2308 rectores
934 2245 1030 2307 autad

23 2333 106 2394 urbis
126 2335 309 2410 magistratus
330 2336 499 2413 plerumque
521 2334 665 2411 mittebat,
694 2343 780 2412 prout
808 2333 914 2410 quique
939 2331 1029 2390 moni-

10 2420 105 2478 rtione
128 2417 300 2492 indigerent.
333 2419 427 2479 Etiam
448 2418 539 2477 libros
562 2427 640 2479 totos
667 2426 695 2477 et
715 2418 826 2477 senatui
845 2415 978 2476 recitavit
1001 2422 1030 2474 et

23 2500 137 2582 populo
152 2510 238 2561 notos
252 2520 306 2580 per
322 2502 445 2562 edictum
461 2520 550 2579 saepe
566 2503 647 2579 iecit,
663 2511 693 2561 ut
711 2503 858 2561 orationes
876 2496 910 2571 Q.
919 2497 1030 2562 Metelli

24 2585 65 2646 de
75 2584 167 2662 prole
182 2586 326 2665 augenda
345 2594 373 2646 et
386 2585 475 2644 Rutili
492 2585 530 2644 de
543 2585 633 2647 modo
650 2584 880 2663 dediticiorum,
899 2602 956 2663 quo
971 2600 1029 2643 ma·
1062 2639 1068 2645 .

23 2670 72 2748 gis
92 2669 282 2746 persuaderet
302 2680 451 2748 utramque
471 2688 532 2729 rem
556 2689 613 2731 non
637 2669 672 2729 ab
695 2687 727 2728 se
742 2669 834 2747 primo
852 2667 1031 2727 animadver-

25 2771 102 2827 sam,
125 2751 177 2811 sed
193 2755 315 2831 antiquis
330 2755 385 2813 iam
400 2762 466 2812 tuuc
483 2772 569 2814 curae
584 2755 683 2813 luisse.

10 2860 16 2899 r
90 2835 210 2914 Ingenia
228 2838 336 2897 sacculi
354 2839 396 2897 sui
411 2836 542 2897 omnibus
557 2837 650 2897 modis
667 2837 755 2905 iovit;
772 2835 918 2896 recitantis
937 2842 965 2892 et
980 2832 1030 2890 be·

25 2921 115 2998 nigne
132 2929 160 2979 et
174 2923 318 2999 patienter
332 2921 427 2996 audiit,
443 2939 499 2980 nec
514 2930 621 2981 tantum
638 2921 762 2980 carmina
775 2929 804 2979 et
815 2919 963 2993 historias,
980 2914 1032 2974 sed

27 3012 57 3064 et
82 3006 229 3064 orationes
253 3014 281 3064 et
304 3005 446 3082 dialogos.
477 3004 619 3084 Componi
636 3014 731 3064 tamen
746 3001 853 3081 aliquid
872 3001 907 3060 de
926 3018 958 3059 se
979 2999 1032 3058 nisi

27 3097 58 3148 et
85 3088 163 3147 serio
190 3098 219 3147 et
244 3107 260 3148 a
287 3091 554 3168 praestantissimis,
581 3087 781 3148 offendebatur
802 3084 1032 3161 admonebatque

28 3181 200 3251 praetores,
225 3191 262 3232 ne
277 3182 445 3252 paterentur
460 3190 566 3232 nomen
582 3191 662 3231 suum
679 3168 930 3232 commissionibus
946 3168 1031 3227 obso-

10 3254 131 3316 slelieri.

71 3336 158 3400 Circa
184 3340 346 3418 religiones
372 3341 458 3401 talem
485 3341 662 3418 accepimus.
699 3337 835 3397 'fonitrua
865 3345 893 3396 et
918 3335 1075 3412 lulgura90

27 3421 115 3501 paulo
137 3424 276 3485 infirmius
297 3424 531 3504 expavescebat,
553 3433 583 3483 ut
606 3440 722 3501 semper
744 3431 772 3481 et
793 3422 900 3500 ubique
925 3420 1033 3500 pellem

26 3505 109 3567 vituli
124 3511 224 3569 marini
243 3510 442 3570 circumferret
460 3525 514 3589 pro
530 3508 676 3585 remedio,
693 3516 779 3587 atque
795 3506 831 3567 ad
848 3523 961 3568 omnem
976 3521 1033 3560 ms-
