2286 3944
390 233 438 280 na
456 233 687 282 nuuromaus.
980 223 1038 285 att

29 389 201 464 bominem,
217 385 274 448 aed
285 387 419 448 materie
431 385 540 464 facilis
557 388 589 447 c'n
608 394 637 447 te
654 388 727 448 etin
741 394 811 449 tnnc
827 389 912 449 dicte
927 389 1040 452 dicere.

31 472 75 536 Ar
91 479 210 554 quante
226 489 344 532 merces
360 471 478 531 rbetorc'
491 477 539 530 est
552 471 646 530 dcte!
662 470 790 548 Audite,
813 473 935 550 audite,
952 472 985 533 Ρ.
1004 472 1038 534 0.

33 562 64 619 et
79 554 257 637 ccpncscite
278 555 326 615 ree'
342 572 376 632 p.
399 555 539 614 vnlnere.
576 554 647 616 Duc
671 556 758 615 milio
781 557 919 636 inperare
938 557 1042 636 campi

32 636 177 703 Leontini
196 637 271 699 Sem.
290 636 399 699 Clodio
419 637 538 698 rhetori
556 639 728 718 ascipnestc‘
745 640 908 719 etquidem
933 641 1037 701 immu-

10 738 18 779 t
33 725 105 800 nia,
119 731 154 784 ut
167 729 255 785 tante
269 722 411 782 mercede
424 721 502 782 ntttt
516 739 630 800 sapere
651 723 799 784 ddscerec.

97 805 132 868 (i.
153 806 295 868 Albucius
317 807 410 882 Silus,
432 805 635 882 Novariensis,
664 826 727 866 cnm
742 807 888 867 aedilitate
903 809 931 866 in
946 811 1069 886 patrico

33 890 218 970 iungeretur,
236 909 299 951 cnm
314 891 390 950 forte
405 891 449 949 ius
464 890 593 967 diceret,
610 890 694 951 abiis
711 900 811 951 contra
828 908 901 968 qnos
914 909 1037 969 pronun·

33 976 123 1037 tiabat
139 974 262 1054 pedibus
278 993 294 1034 e
310 973 444 1034 tribunali
461 973 607 1034 detractus
626 984 679 1034 est.
706 975 791 1050 Quod
806 974 921 1052 indigne
931 975 1038 1052 ferens,

34 1069 128 1121 statum
145 1059 294 1119 contendit
316 1058 351 1119 ad
367 1067 478 1137 portam
500 1066 528 1117 ct
544 1058 609 1118 inde
633 1059 769 1135 Romam,
791 1067 989 1137 receptusque
1010 1060 1039 1118 in

10 1152 19 1193 t
34 1142 133 1205 Planci
149 1144 274 1203 oratoris
285 1142 516 1217 contubernium,
535 1144 579 1202 cui
595 1141 789 1203 declamatnro
803 1159 866 1201 mos
885 1151 947 1202 erat
959 1143 1038 1221 prius

32 1228 158 1306 aliquem
174 1229 302 1305 quiante
319 1226 429 1286 diceret
443 1227 587 1304 excitare,
604 1229 734 1306 suscepit
751 1245 801 1287 eas
818 1235 932 1306 partes,
951 1234 1038 1306 atque

32 1314 70 1373 ita
91 1310 224 1390 implevit
244 1318 275 1369 ut
294 1309 402 1371 Planco
425 1310 568 1370 silentium
590 1312 769 1389 imponeret,
793 1328 850 1370 non
874 1311 988 1371 audenti
1010 1314 1038 1371 in

33 1396 280 1474 comparationem
295 1412 328 1454 se
340 1393 500 1454 demittere.
531 1393 589 1454 Sed
602 1413 639 1454 ex
649 1413 685 1455 eo
698 1395 810 1472 clarus,
827 1398 947 1474 propria
960 1395 1036 1456 audi·

33 1481 106 1540 toria
126 1479 260 1555 instituit,
277 1477 380 1538 solitus
396 1479 548 1556 proposita
564 1480 765 1539 controversia
777 1479 883 1539 sedens
896 1481 1036 1558 incipere,

10 1571 62 1623 tet
82 1562 181 1623 calore
203 1561 315 1622 demum
336 1571 493 1640 provectus
511 1579 691 1640 consurgere
713 1581 747 1623 ac
762 1581 919 1643 perorare,
940 1563 1036 1624 decla-

32 1664 110 1708 mare
134 1654 227 1706 autern
248 1663 358 1723 genere
379 1648 478 1707 vario:
501 1646 586 1706 modo
609 1647 760 1725 splendide
779 1657 865 1726 atque
888 1648 1036 1724 adornate,

32 1740 105 1808 tum,
122 1748 159 1789 nc
173 1747 265 1809 nsque
283 1747 397 1809 quaque
410 1729 603 1790 scholasticus
619 1733 848 1807 existimaretur,
866 1733 1036 1791 circumcise

32 1832 66 1876 ac
84 1813 201 1875 sordide
220 1823 249 1874 et
264 1823 372 1874 tantum
386 1831 443 1873 non
461 1814 622 1874 trivialibus
637 1815 745 1874 verbis.
784 1814 854 1891 Egit
878 1824 907 1874 et
923 1833 1036 1889 causas,

31 1917 131 1958 nerum
146 1899 254 1975 rarius,
271 1897 336 1957 dum
351 1898 554 1976 amplissimam
569 1917 711 1976 quamque
724 1907 867 1974 sectatur,
883 1917 939 1957 nco
951 1898 1036 1957 alium

10 1984 59 2042 »tn
76 1981 134 2041 ulla
148 1981 244 2041 locum
262 1999 345 2060 quarn
366 1982 530 2060 perorandi.
566 1982 672 2042 Postea
693 1983 865 2042 renuntiavit
886 1981 952 2040 loro
971 1998 1035 2058 par·

30 2069 80 2126 tim
94 2064 224 2145 pudore,
240 2068 343 2144 partim
353 2074 445 2135 metn;
465 2083 529 2127 nam
545 2084 608 2126 cum
624 2068 653 2125 in
671 2067 721 2126 lite
744 2064 863 2144 quadarn
880 2065 1036 2123 centumvi-

29 2149 100 2226 rali,
115 2148 300 2226 adversario,
323 2168 407 2228 quem
427 2158 457 2209 ut
472 2151 586 2228 impium
611 2169 682 2226 erga
701 2157 837 2229 parentes
858 2147 1035 2223 incessebat,

29 2234 234 2294 iusiurandum
250 2235 331 2313 quasi
348 2251 402 2311 per
418 2235 537 2311 figuram
553 2236 596 2294 sic
617 2234 786 2313 optulisset:
808 2229 888 2292 lore
901 2249 960 2310 per
973 2247 1034 2309 pa-

30 2318 88 2379 tris
114 2317 284 2396 matrisque
311 2317 446 2394 cineres,
473 2317 527 2398 qui
543 2317 694 2379 inconditi
720 2317 844 2379 iacent!
873 2325 901 2376 et
927 2315 981 2375 alia
1008 2318 1036 2375 in

10 2400 104 2461 illunc
116 2399 244 2475 modum,
263 2402 419 2480 arripiente
432 2419 468 2461 eo
483 2402 691 2478 conditionem,
708 2420 764 2462 nec
778 2400 919 2460 iudicibus
936 2418 1035 2477 asper-

30 2483 179 2562 nantibus,
207 2502 263 2544 non
284 2485 345 2544 sine
365 2503 469 2563 magna
491 2487 534 2544 sni
554 2487 659 2547 invidia
680 2487 827 2563 negotium
847 2485 958 2544 afflixit.
998 2483 1036 2544 Et

29 2587 129 2629 rursus
148 2570 177 2627 in
198 2569 364 2645 cognitione
383 2569 480 2629 caedis
500 2570 655 2630 Mediolani
680 2570 754 2648 apud
769 2570 800 2629 L.
817 2570 952 2629 Pisonem
968 2585 1034 2646 pro·

30 2652 180 2713 consulem
202 2651 360 2713 defendens
387 2671 482 2730 reum,
507 2673 569 2713 cum
597 2654 767 2714 cohiberent
793 2653 913 2712 lictores
936 2653 1036 2711 nimias

30 2735 202 2797 laudantium
224 2753 331 2813 voces,
353 2745 382 2796 et
402 2739 440 2797 ita
461 2738 680 2816 excanduisset,
707 2747 737 2796 ut
756 2738 909 2816 deplorato
934 2735 1035 2794 ltaliae

10 2830 122 2895 ostatu,
140 2819 232 2900 queri
250 2820 359 2881 iterum
377 2818 553 2899 informem
564 2822 749 2902 procinctae
765 2820 975 2899 rediperetnr,
995 2817 1034 2877 M.

29 2905 149 2982 insuper
168 2903 298 2981 Brutum,
327 2906 407 2964 cuius
428 2913 521 2966 statua
544 2908 572 2966 in
595 2915 755 2985 conspectu
778 2913 856 2979 erat,
883 2904 1036 2961 invocaret

28 2989 129 3068 iepnrn
141 3005 179 3048 ec
194 2986 346 3049 libertatis
361 2996 518 3049 auctorem
530 2997 559 3051 et
569 2991 736 3064 vindicem,
755 3006 829 3067 pene
847 3003 959 3062 poenas
971 2983 1033 3043 lnit.

27 3073 87 3133 lam
104 3080 197 3131 antem
213 3073 310 3132 senior
328 3072 365 3132 ob
381 3074 479 3133 vitium
491 3076 621 3134 vomicae
637 3074 792 3133 Novariam
809 3068 907 3146 rediit,
927 3084 1033 3128 convo·

27 3163 152 3234 nataque
169 3154 256 3233 plebe
272 3157 383 3232 causis,
405 3167 526 3236 propter
539 3177 609 3237 quas
624 3157 697 3216 mori
722 3157 911 3231 destinasset,
936 3151 982 3211 din
999 3168 1034 3211 ao

25 3257 111 3300 more
126 3241 323 3299 concionantis
337 3241 468 3300 redditis
492 3242 622 3302 abstinui·
644 3240 707 3284 “iic
