2256 3930
451 219 481 267 c.
502 216 686 267 caraune.
1012 209 1076 274 135,

10 384 21 421 Ξ
67 390 140 449 nae,
171 371 292 431 alterum
315 382 344 431 ut
365 372 519 433 verbosum
536 374 564 431 in
581 371 701 434 historia
717 373 981 451 neglegentemque
1010 391 1070 433 car-

12 468 23 525 t
67 455 167 535 pebat.
210 455 345 515 Deionis
369 474 485 536 quoque
509 456 664 533 consultis,
696 459 776 536 quasi
802 458 942 518 scientiae
970 473 1072 517 eorum

10 551 23 609 ἱ,
69 556 183 599 omnem
200 557 279 599 usum
303 540 478 617 aboliturus,
510 558 601 618 saepe
621 541 753 618 iactavit,
785 558 819 601 se
834 540 1005 601 mehercule
1025 540 1069 620 cf-

10 635 21 674 t
65 623 219 701 secturam
239 643 277 684 ce
294 623 368 703 quid
387 623 716 702 respenderepcssr'rtt
740 630 867 703 practer
890 643 966 685 eam.
1012 627 1113 692 lle-35

10 716 130 767 {ctera
159 707 327 767 familiarum
356 708 479 786 insignia
510 706 688 767 nobilissimo
717 709 820 786 cuique
847 708 966 785 ademit,
999 708 1070 769 'Por-

10 806 14 843 t
67 800 156 869 quato
189 800 337 870 torquem,
370 790 539 851 Cincinnato
569 793 692 868 crinem,
729 790 789 851 GN.
812 793 951 871 Pompeio
972 792 1070 872 stirpis

10 916 13 921 -
67 876 202 952 antiquae
216 875 314 953 Magni
336 893 507 953 cognomen.
552 874 761 952 Ptolemaeum,
788 875 824 936 de
843 893 899 955 quo
915 875 1017 952 retuli,
1041 882 1071 935 et

66 959 238 1018 arcessitum
264 977 281 1018 e
309 977 403 1037 regno
430 968 459 1019 et
484 967 637 1038 exceptum
661 958 837 1037 honorilice,
870 976 927 1019 non
954 959 1008 1018 alia
1034 957 1070 1018 de

66 1060 155 1102 causa
173 1051 295 1122 repente
311 1043 471 1122 percussit,
501 1061 585 1123 quam
601 1041 694 1122 quod,
726 1042 831 1103 edente
848 1061 880 1103 se
895 1060 1006 1119 munus,
1028 1043 1069 1102 in·

20 1137 199 1203 regressum
216 1126 385 1206 spectacula
398 1128 579 1187 convertisse
594 1125 739 1186 bominum
755 1127 858 1187 oculos
873 1126 990 1204 fulgore
1003 1143 1069 1205 pur·

64 1227 176 1287 pureae
192 1209 307 1270 abollae
327 1209 535 1271 animadvertit.
565 1209 705 1271 Pulchros
721 1218 750 1270 et
765 1218 910 1286 comatos,
936 1210 1070 1288 quotiens

64 1292 123 1351 sibi
153 1302 355 1371 occurrerent,
388 1295 524 1373 occipitio
553 1310 620 1353 raso
652 1293 832 1373 deturpabat.
882 1293 953 1353 Erat
983 1291 1069 1352 Esius

63 1375 206 1436 Proculus
225 1386 308 1455 patre
329 1377 512 1456 primipilari,
542 1376 579 1437 ob
603 1380 752 1454 egregiam
775 1379 911 1457 corporis
939 1376 1068 1454 amplitu-

64 1459 161 1519 dinem
184 1469 213 1519 et
236 1462 365 1538 speciem
388 1459 565 1522 Colosseros
585 1461 691 1530 dictus;
722 1461 798 1521 hunc
820 1459 996 1540 spectaculis
1019 1459 1068 1518 de-

16 1559 52 1600 15
64 1553 189 1604 tractum
218 1553 341 1623 repente
375 1553 404 1603 et
432 1545 460 1603 in
484 1545 620 1606 harenam
645 1544 796 1605 deductum
819 1545 925 1606 Threci
946 1552 975 1603 et
1000 1559 1070 1603 mox

63 1627 261 1707 hoplomacho
293 1630 485 1707 comparavit,
514 1628 617 1708 bisque
645 1629 786 1688 victorem
817 1629 976 1704 constringi
1005 1628 1069 1686 sine

62 1729 146 1772 mora
161 1713 244 1771 iussit
260 1721 288 1772 et
308 1713 410 1790 pannis
427 1711 549 1772 obsitum
569 1713 683 1772 vicatim
702 1712 874 1772 circumduci
891 1730 924 1772 ac
943 1711 1068 1771 mulieri·

62 1795 119 1855 bus
139 1796 270 1872 ostendi,
294 1795 396 1855 deinde
417 1797 549 1874 iugulari.
594 1795 696 1856 Nullus
719 1796 843 1875 denique
859 1805 916 1856 tam
935 1793 1068 1855 abiectae

65 1879 244 1939 condicionis
260 1888 374 1958 tamque
395 1889 541 1941 extremae
563 1880 649 1940 sortis
671 1880 740 1956 luit,
771 1881 851 1938 cuius
871 1896 930 1938 non
943 1895 1067 1938 commo·

21 1977 52 2018 ao
65 1962 109 2022 dis
128 1963 315 2023 obtrectaret.
358 1963 531 2024 Nemorensi
557 1965 638 2040 regi,
665 1963 741 2042 quod
765 1961 869 2022 multos
896 1964 953 2020 iam
978 1977 1068 2020 annos

64 2055 217 2126 poteretur
247 2046 429 2122 sacerdotio,
466 2047 636 2108 validiorem
664 2045 860 2106 adversarium
890 2043 1067 2103 subornavit.

65 2129 137 2191 Cum
163 2129 286 2207 quodam
313 2128 359 2188 die
385 2131 509 2190 muneris
537 2129 684 2189 essedario
704 2128 808 2204 Porio,
838 2127 875 2188 ob
897 2141 1068 2206 prosperans

64 2231 192 2292 pugnam
213 2230 329 2272 servum
351 2231 431 2272 suum
451 2215 674 2290 manumittenti,
700 2211 855 2272 studiosius
876 2210 1007 2289 plausum
1023 2227 1067 2268 es-

65 2306 126 2373 set,
155 2298 194 2355 ita
216 2297 359 2376 proripuit
381 2315 414 2356 se
435 2297 630 2376 spectaculis,
662 2303 693 2356 ut
714 2295 826 2356 calcata
849 2294 952 2355 lacinia
980 2301 1068 2368 togae

25 2402 54 2442 as
65 2397 210 2460 praeceps
228 2398 283 2460 per
297 2379 405 2458 gradus
419 2381 489 2457 iret,
512 2378 740 2458 indignabundus
756 2387 786 2439 et
805 2378 952 2439 clamitans
972 2373 1066 2436 domi·

63 2483 135 2525 rrum
155 2465 289 2543 pestium
307 2463 456 2542 populum
480 2481 520 2524 ec
536 2483 573 2524 re
591 2461 749 2524 levissime
761 2462 835 2542 plus
854 2459 982 2522 honoris
998 2457 1066 2538 pla·

65 2547 182 2608 dictori
215 2546 395 2608 tribuentem
429 2565 521 2627 paam
556 2546 747 2612 consecratis
780 2543 977 2625 principibus
1016 2547 1070 2602 cat

60 2632 222 2709 praesceti
237 2630 307 2691 stet.

133 2714 290 2775 Pudicitiae
313 2733 407 2794 neque
423 2732 492 2774 suae
508 2732 603 2794 neque
618 2714 730 2776 alienae
750 2713 894 2793 pepercit.
930 2709 968 2769 bl.
983 2708 1066 2786 Lepi·
1076 2718 1111 2774 36

29 2799 145 2876 nodum,
178 2799 354 2859 Mnesterem
375 2798 590 2878 pantomimum,
621 2797 760 2878 quosdam
788 2794 906 2855 obsides
930 2791 1068 2851 dilexisse

48 2885 155 2943 ¹fertur
177 2882 351 2942 commercio
374 2882 460 2942 mutui
487 2882 589 2961 stupri.
633 2879 769 2942 Valerius
792 2875 936 2951 Catullus,
965 2890 1067 2933 consu·

61 2967 117 3027 lari
138 2966 244 3027 familia
258 2966 386 3041 iuvenis,
416 2974 574 3044 stupratum
591 2982 607 3025 a
623 2982 656 3024 se
674 2982 709 3024 ac
726 2963 818 3023 latera
839 2959 893 3019 sibi
916 2955 1067 3017 contuber-

61 3051 111 3109 nio
131 3052 192 3110 eius
213 3049 329 3109 delessa
354 3049 437 3107 etiarn
459 3049 637 3109 vociferatus
660 3054 714 3106 est.
759 3045 854 3123 Super
874 3057 1005 3102 sororum
1026 3041 1069 3098 in-

62 3142 146 3194 cesta
174 3143 202 3193 et
230 3129 408 3193 notissimum
428 3134 599 3210 prostitutae
620 3128 772 3206 Pyrallidis
793 3142 919 3187 amorem
944 3140 1001 3183 uon
1026 3130 1068 3181 te·

21 3235 144 3281 asmere
159 3217 217 3277 ulla
232 3216 399 3276 inlustriore
414 3215 518 3275 femina
537 3213 686 3283 abstinuit;
717 3230 788 3290 quas
814 3209 982 3289 plerumque
1005 3221 1068 3265 cum

61 3301 172 3360 maritis
188 3300 222 3361 ad
239 3318 357 3360 caenam
374 3307 493 3358 vocatas
508 3305 685 3377 praeterque
700 3294 792 3374 pedes
811 3311 880 3353 suos
895 3289 1068 3351 transeuntis

62 3383 219 3461 diligenter
234 3401 269 3443 ac
290 3383 368 3442 lente
383 3381 568 3442 mercantium
588 3397 669 3440 more
691 3375 903 3454 considerabat,
920 3375 1005 3435 etiam
1026 3371 1068 3431 la·

63 3468 139 3528 ciem
153 3485 236 3527 manu
255 3466 408 3542 adlevans,
438 3466 551 3544 siquae
568 3463 681 3543 pudore
700 3460 912 3528 submitterent;
934 3456 1068 3538 quotiens
