2286 3944
104 158 166 221 214
183 171 214 222 C.
225 169 376 219 SUETONI
387 168 515 229 TRANQ.
532 169 580 216 Du
595 169 678 216 vtum
694 167 882 216 CAESARUM
898 167 971 215 LIB.
989 168 1048 216 vlt.
1109 17 1134 451 1

106 346 190 407 quam
211 325 390 387 matrimonio
410 324 583 402 destinarat,
608 321 811 383 commendans
831 321 977 400 reliquias
995 329 1096 381 suaset

104 413 279 471 memoriam.
308 407 453 486 Quidquid
465 407 569 467 deiude
582 407 770 488 epistularum
782 415 855 482 erat,
868 424 907 465 ne
916 408 963 466 cui
979 405 1095 484 periculo

106 505 154 555 aut
164 512 261 555 noxae
275 493 351 573 apud
363 495 504 553 victorem
515 491 630 569 lorent,
642 491 848 552 concremavit.
886 489 996 549 Divisit
1014 498 1042 548 et
1057 507 1095 569 pe

64 585 96 638 11
105 580 203 639 cuniae
216 578 383 641 domesticis
407 595 444 636 ex
463 577 548 655 eopia
565 577 722 656 praesenti.
753 574 850 653 Atque
871 576 912 634 itu
930 583 1049 654 paratus
1063 576 1095 632 in·

104 672 259 741 tentusque
274 660 331 722 iam
342 662 443 736 morti,
459 660 576 720 tumultu
588 662 663 720 inter
679 677 775 719 moras
793 668 898 718 exorto
919 667 951 717 ut
968 676 1037 734 eos,
1057 658 1111 736 quit

105 746 259 807 discedere
273 755 302 805 et
313 745 393 805 abire
407 743 597 823 coeptabant,
616 744 725 823 corripi
744 745 824 820 quasi
847 741 1020 810 desertores
1037 741 1099 800 deti?

105 832 227 909 nerique
249 831 359 904 sensit,
386 826 568 889 Adiciamuc
592 829 683 906 inquit
707 827 791 888 citae
812 832 842 886 et
864 825 948 887 bunc
972 825 1096 886 nectere!

108 916 167 995 (his
179 916 253 994 ipsis
264 913 441 991 totidemque
454 911 568 989 verbis)
586 914 734 991 vetuitque
752 912 810 971 vim
830 911 964 988 cuiquam
983 911 1058 979 lleri;
1073 916 1096 967 et

107 1002 136 1058 in
147 1017 243 1058 serum
255 1016 347 1076 usque
360 1006 477 1075 patente
490 995 635 1072 cubiculo,
651 998 675 1055 si
688 997 752 1074 quis
765 995 844 1055 adire
857 994 966 1071 vellet,
981 1001 1094 1072 potesta

106 1092 164 1142 tem
176 1084 220 1141 sui
233 1081 376 1160 praebuit.
404 1080 474 1140 Post
482 1079 539 1140 hoc
553 1080 654 1141 sedata
665 1081 711 1148 siti
725 1077 842 1156 gelidae
861 1095 958 1155 aquae
979 1079 1118 1156 potiores

106 1167 226 1244 arripuit
237 1165 310 1224 duos
324 1167 466 1243 pugiones
478 1173 507 1223 et
522 1164 674 1243 explorata
686 1165 833 1240 utriusque
851 1164 932 1237 acie,
951 1179 1017 1221 cum
1036 1160 1094 1221 alte·

105 1268 167 1308 rum
185 1248 304 1328 pulvino
322 1248 514 1324 subdidisset,
539 1247 650 1307 loribus
670 1247 818 1326 adopertis
835 1247 984 1306 artissimo
1006 1259 1094 1304 somno

107 1334 225 1412 quievit.
259 1331 298 1391 Et
313 1331 390 1390 circa
404 1331 499 1391 lucem
512 1330 624 1390 demum
640 1330 883 1410 expergefactus,
903 1347 961 1390 uno
976 1348 1009 1389 se
1021 1329 1093 1388 truie

107 1419 145 1476 cit
158 1418 216 1474 ictu
235 1415 309 1474 infra
328 1414 440 1474 laevam
457 1415 614 1494 papillam,
634 1413 918 1493 irrumpentibusque
932 1413 970 1473 ad
987 1413 1094 1492 primun

105 1500 242 1576 gemitum
254 1497 340 1558 modo
357 1498 456 1558 celans
469 1499 556 1559 modo
569 1499 712 1576 detegens
725 1497 852 1577 plagam,
870 1498 1049 1557 exanimatus
1058 1503 1117 1554 estu

106 1591 135 1641 et
153 1581 291 1641 celeriter
311 1584 392 1661 (nam
412 1584 451 1643 ita
470 1582 679 1662 praeceperat)
700 1582 866 1658 funeratus,
889 1582 1056 1641 tricensimo
1072 1588 1094 1637 et

106 1674 211 1726 octavo
225 1667 328 1724 aetatis
340 1684 415 1726 anuo
432 1675 461 1725 et
474 1669 682 1743 nonagensimo
695 1674 724 1725 et
740 1667 840 1743 quinto
852 1666 968 1744 imperii
984 1664 1041 1724 die.

63 1763 97 1818 12
166 1747 258 1808 Tanto
273 1747 395 1809 Othonis
407 1753 501 1810 animo
513 1766 695 1829 nequaquam
707 1767 814 1828 corpus
827 1758 875 1808 aut
891 1748 1009 1808 habitus
1029 1764 1095 1807 con·
1134 1790 1137 1803 .

106 1833 187 1912 petit.
210 1831 313 1892 Fuisse
326 1835 401 1894 enim
414 1843 443 1893 et
454 1835 585 1894 modicae
597 1843 723 1893 staturae
739 1842 768 1892 et
784 1832 859 1892 male
878 1832 1002 1912 pedatus
1015 1848 1096 1891 scam·

104 1917 218 1996 busque
230 1916 366 1994 traditur,
386 1918 584 1978 munditiarum
601 1935 673 1977 vero
693 1935 786 1996 paene
805 1908 1002 1993 muliebrium,
1020 1914 1119 1978 vulsos

107 2019 244 2081 corpore,
265 2002 427 2079 galericulo
441 2004 528 2082 capiti
541 2011 662 2082 propter
683 2002 830 2061 raritatem
848 1999 1022 2079 capillorum
1040 1997 1097 2059 ada·

107 2095 186 2166 ptato
200 2095 229 2145 et
241 2086 370 2165 adnexo,
387 2096 416 2147 ut
431 2105 516 2147 nemo
535 2087 716 2154 dinosceret;
737 2087 804 2163 quin
826 2093 855 2144 et
871 2085 976 2144 faciem
1000 2081 1098 2143 cotidie

104 2170 228 2230 rasitare
241 2189 276 2230 ac
294 2189 370 2250 pane
389 2171 502 2231 madido
521 2171 614 2230 linere
633 2177 820 2244 consuetum,
840 2169 928 2246 idque
946 2168 1099 2227 instituisse

105 2271 122 2314 a
138 2255 230 2333 prima
241 2254 389 2332 lanugine,
401 2274 438 2315 ne
451 2254 587 2315 barbatus
600 2271 731 2331 umquam
744 2261 837 2322 esset;
858 2270 942 2312 sacra
955 2252 1042 2311 etlam
1053 2249 1098 2310 Isi·

105 2337 149 2397 dis
162 2356 253 2415 saepe
273 2339 301 2396 in
321 2338 410 2398 lintea
427 2340 628 2416 religiosaque
647 2346 731 2396 veste
749 2336 900 2415 propalam
922 2335 1124 2395 celebrassent

103 2419 161 2479 Per
173 2437 247 2497 qnae
259 2420 367 2480 iactum
379 2432 492 2500 putem,
510 2431 542 2481 ut
556 2439 634 2480 mors
646 2423 709 2480 eius
723 2420 837 2480 minime
850 2437 1017 2496 congruens
1028 2420 1100 2478 vitae

103 2502 212 2560 maiore
228 2503 369 2564 miraculo
386 2505 481 2565 luerit.
513 2506 595 2566 Multi
613 2506 809 2584 praesentium
826 2504 944 2564 militum
962 2521 1028 2563 cum
1044 2502 1100 2582 plu-

104 2587 175 2645 rimo
189 2585 258 2646 lletu
268 2604 367 2646 manus
381 2607 416 2649 ao
428 2589 520 2667 pedes
531 2589 653 2649 iacentis
666 2588 847 2665 exosculati,
860 2588 1049 2649 fortissimum
1063 2588 1100 2644 vi-

103 2689 175 2746 rum,
189 2672 302 2730 unicum
314 2671 519 2750 imperatorem
527 2671 742 2752 praedicantes,
754 2671 861 2732 ibidem
870 2672 1031 2732 statimnec
1039 2688 1100 2751 pro·

105 2755 151 2814 cul
162 2772 178 2814 a
191 2771 265 2831 rogo
277 2756 334 2813 vim
347 2773 417 2816 suae
426 2758 502 2817 vitae
523 2757 694 2826 attulerunt;
714 2756 793 2815 multi
811 2765 839 2816 et
856 2755 1035 2832 absentium,
1059 2773 1128 2818 aes

104 2847 191 2917 cepto
204 2840 313 2914 nuntio,
328 2858 397 2918 prae
409 2839 512 2901 dolore
522 2842 606 2902 armis
619 2842 694 2900 inter
704 2859 737 2899 se
748 2839 784 2900 ad
796 2839 1025 2900 internecionem
1037 2857 1101 2898 con·

104 2930 263 2982 currerunt.
297 2921 430 3003 Denique
449 2943 554 3003 magna
572 2943 639 3004 pare
659 2925 821 3000 hominum,
843 2923 1016 2984 ineolumem
1039 2941 1101 3001 gra-

101 3005 220 3065 vissime
233 3005 391 3086 detestata,
412 3019 553 3070 mortuum
571 3008 702 3069 laudibus
714 3007 795 3084 tulit,
815 3016 846 3067 ut
861 3007 951 3083 vulgo
969 3007 1102 3068 iactatum

102 3089 139 3146 sit
158 3090 259 3167 etiam,
289 3091 408 3154 Galbam
429 3093 519 3154 abeo
539 3111 598 3153 non
619 3102 676 3152 tam
693 3090 855 3152 dominandi
873 3109 957 3170 quam
970 3093 1012 3150 rei
1028 3112 1057 3172 p.
1069 3109 1104 3152 ao

100 3168 242 3232 libertatis
255 3176 450 3235 restituendae
467 3197 550 3230 eum
563 3179 775 3256 interemptum.
1104 3187 1126 3231 tt
