2286 3944
485 236 656 285 cauus.
1008 226 1069 289 tot

90 390 210 452 brorum
231 388 394 469 quindecim
413 390 570 450 conflasset
586 409 622 451 ac
640 401 700 451 tres
718 393 829 470 uncias,
856 409 930 471 quae
947 393 1070 470 pondem

89 483 204 550 eerant,
216 474 351 533 iussisset
362 474 452 551 exigi.
476 473 520 534 lla
536 474 612 535 fama
630 484 659 534 et
676 476 843 537 confirmata
860 485 889 535 et
907 485 990 536 aucta
1012 486 1067 555 est,

89 567 101 618 t
112 559 237 638 primum
248 557 350 617 urbem
362 558 480 617 introiit.
502 557 576 617 Nam
588 577 650 617 curu
663 559 840 636 classiarios,
854 576 926 638 quos
938 560 1019 620 Nero
1032 579 1070 620 ex

88 640 234 719 emigibus
249 643 343 701 iustus
360 641 466 702 milites
481 641 610 719 fecerat,
629 641 726 701 redire
744 641 780 702 ad
799 644 947 721 pristinum
966 653 1069 704 statum

88 733 209 804 ogeret,
221 727 384 786 recusantis
400 733 487 804 atque
498 727 618 804 iusuper
633 725 756 802 aquilam
765 735 794 784 et
801 727 884 802 signa
894 729 1069 804 pertinacius

88 809 229 886 agitantis
240 825 298 868 non
309 808 396 868 modo
409 809 528 868 inmisso
542 811 638 887 equite
652 809 777 884 disiecit,
791 809 843 868 sed
858 809 1068 870 decimariteti-

88 911 127 954 m.
151 891 225 952 ltem
243 891 449 954 Germanorum
462 891 613 952 cohortem
625 911 641 952 a
655 890 829 952 Caesaribus
841 893 908 951 olim
921 893 957 952 ad
973 902 1069 953 custo·

88 977 148 1038 iam
162 978 296 1055 corporis
307 977 463 1036 institutam
473 976 627 1055 multisque
639 976 845 1053 experimentis
864 976 1068 1054 fidelissimam,

88 1059 210 1122 lissolvit
221 1077 256 1120 ac
272 1060 334 1118 siue
347 1059 499 1119 commodo
512 1060 572 1119 ullo
590 1061 701 1118 remisit
718 1060 747 1117 in
761 1061 897 1137 patriam,
914 1062 995 1138 quasi
1008 1059 1068 1120 cit.

88 1142 258 1220 lolabellae,
273 1143 352 1203 iuxta
365 1145 445 1203 cuius
455 1143 557 1203 hortos
573 1143 718 1220 tendebat,
731 1144 906 1220 proniorem.
939 1143 1068 1222 lllaquo·

88 1245 130 1308 que
141 1244 252 1286 verene
271 1244 307 1286 an
322 1225 398 1287 falso
413 1245 467 1305 per
484 1226 634 1288 ludibrium
653 1225 850 1304 iactabantur,
867 1227 999 1305 adposita
1011 1227 1069 1286 lau·

88 1312 148 1374 lore
161 1327 251 1370 caena
261 1311 439 1387 ingemuisse
452 1328 533 1381 eum;
547 1319 576 1370 et
591 1310 735 1370 ordinario
749 1310 863 1388 quidem
876 1311 1070 1389 dispensatori

88 1395 251 1455 »retiarium
261 1395 404 1454 rationum
416 1395 551 1454 offerenti
563 1393 750 1473 paropsidem
761 1394 914 1471 leguminis
922 1412 975 1472 pro
986 1394 1070 1454 sedu-

88 1481 156 1540 itate
168 1495 205 1538 ac
216 1476 366 1554 diligentia
378 1480 560 1556 porrexisse,
569 1476 650 1537 Cano
663 1486 756 1538 autem
764 1478 998 1539 choraulaemire
1008 1477 1069 1558 pla·

88 1563 151 1623 enti
163 1561 298 1622 denarios
311 1562 436 1640 quinque
449 1561 583 1638 donasse,
597 1561 729 1640 prolatos
740 1578 824 1622 manu
836 1581 887 1622 sua
906 1580 923 1622 e
941 1562 1069 1642 peculia·

88 1646 154 1708 ibus
164 1644 270 1705 loculis
286 1647 355 1704 suis.

135 1729 233 1804 Quare
246 1727 385 1788 adventus
397 1731 458 1788 eius
465 1746 524 1788 non
533 1727 760 1807 perindegratus
767 1727 828 1804 iuit,
840 1727 926 1805 idque
935 1729 1069 1806 proximo
1078 1741 1112 1794 13

89 1810 246 1892 pectaculo
258 1814 400 1890 apparuit.
424 1811 570 1890 Siquidem
582 1811 725 1871 Atellanis
737 1811 914 1869 notissimum
927 1814 1068 1871 canticum

88 1895 205 1957 morsis:
229 1891 317 1956 Venit
337 1892 499 1956 Onesimus
520 1913 541 1955 u
561 1896 655 1971 oilla,
679 1895 773 1954 cuncti
791 1894 872 1952 simul
887 1903 1070 1972 spectatores

88 1978 274 2040 onsentieute
282 1997 358 2039 voce
370 1978 510 2057 reliquam
523 1988 634 2057 partem
643 1978 802 2037 retulerunt
814 1995 849 2036 ac
857 1978 973 2054 saepius
982 1995 1070 2036 versu

88 2064 200 2142 epetito
211 2071 342 2138 egerunt.
361 2062 473 2122 Maiore
486 2063 560 2123 adeo
574 2072 602 2121 et
613 2062 716 2121 lavore
729 2070 758 2119 et
769 2061 939 2119 auctoritate
947 2058 1069 2139 adeptus
1078 2068 1111 2121 lt

88 2155 119 2208 st
131 2163 217 2225 quam
227 2146 321 2222 gessit
328 2146 488 2225 imperium,
502 2163 671 2225 quamquam
680 2144 768 2204 multa
777 2142 948 2202 documenta
956 2143 1072 2220 egregii

88 2230 216 2308 ›rincipis
227 2227 322 2298 daret;
341 2229 393 2290 sed
404 2247 584 2309 nequaquam
596 2238 652 2288 tam
663 2237 745 2305 grata
758 2235 855 2304 erant,
873 2244 955 2305 quam
977 2228 1070 2287 inrisa

88 2331 149 2394 prae
161 2330 248 2374 secus
261 2313 373 2372 tierent.

132 2395 302 2474 Regebatur
314 2398 397 2457 trium
408 2396 539 2474 arbitrio,
553 2412 627 2474 quos
638 2413 693 2455 una
705 2404 734 2454 et
744 2397 817 2454 intra
830 2393 969 2455 Palatium
990 2392 1069 2455 batt-

88 2481 160 2543 antis
171 2497 227 2540 uec
242 2497 374 2558 umquam
386 2498 445 2540 non
463 2479 647 2540 adhaerentis
666 2478 859 2558 paedagogos
876 2477 965 2556 uulgo
982 2494 1069 2539 voca·

88 2572 152 2624 rant.
167 2562 192 2623 li
203 2572 285 2623 erant
293 2563 326 2624 Τ.
335 2564 438 2625 Vinius
450 2563 565 2641 legatus
577 2565 639 2622 eius
651 2563 834 2641 inHispania,
845 2562 1008 2642 cupiditatis
1019 2564 1068 2621 im·

88 2665 206 2715 nensae;
230 2645 384 2708 Cornelius
400 2647 478 2708 Laco
499 2665 537 2706 ex
555 2663 708 2707 assessore
730 2647 897 2725 praelectus
918 2646 1068 2723 praetorii,

90 2731 240 2807 mogantia
264 2730 459 2808 socordiaque
485 2730 691 2800 intolerabilis;
716 2731 835 2790 libertus
852 2729 960 2805 Icelus,
982 2727 1069 2806 paulo

88 2823 142 2875 unte
158 2815 250 2874 anulis
262 2817 356 2874 aureis
366 2823 394 2873 et
405 2813 542 2874 blarciani
555 2816 728 2893 cognomine
742 2823 859 2874 ornatus
872 2831 907 2872 ac
923 2815 977 2871 iam
995 2829 1069 2870 sum·

88 2915 137 2958 uae
150 2899 295 2976 equestris
306 2896 414 2975 gradus
427 2897 602 2958 candidatus.
627 2897 678 2957 llis
690 2897 806 2956 diverso
819 2897 951 2955 vitiorum
959 2912 1070 2970 genere

88 2981 274 3052 ‚uastantibus
282 2981 355 3042 adeo
370 3000 403 3042 se
415 2981 585 3042 abutendum
597 2983 728 3060 permisit
738 2990 766 3039 et
777 2979 902 3054 tradidit,
915 2987 945 3037 ut
955 2981 1005 3036 vix
1014 2977 1069 3036 sibi

88 3083 138 3143 pse
152 3073 310 3144 constaret,
323 3065 409 3126 modo
422 3065 557 3125 acerbior
569 3067 753 3144 parciorque,
765 3062 851 3121 modo
868 3062 1017 3121 remissior
1034 3079 1070 3120 ac

88 3147 275 3246 eglegentior
306 3167 391 3228 quam
412 3152 582 3209 conueniret
611 3148 736 3227 principi
764 3147 861 3205 electo
888 3154 973 3222 atque
998 3145 1068 3206 illud

91 3239 285 3390 etaadesdum
300 3315 397 3376 claros
410 3334 448 3375 ex
459 3325 583 3393 utroque
594 3314 695 3374 ordine
711 3313 791 3371 viros
805 3314 973 3391 suspicione
989 3313 1067 3373 mini·

88 3417 117 3459 ra
128 3398 275 3459 inauditos
288 3398 498 3460 condemnarit.
521 3399 672 3459 civitatem
683 3398 718 3457 R.
730 3414 797 3458 raro
810 3395 896 3474 dedit,
912 3399 973 3458 iura
985 3398 1068 3458 trium

88 3480 231 3542 berorum
242 3483 292 3543 vix
301 3483 350 3543 uni
361 3492 447 3562 atque
460 3484 558 3560 alteri,
570 3500 605 3542 ac
616 3500 653 3541 ne
665 3482 690 3540 is
703 3480 816 3560 quidem
836 3483 890 3542 uisi
907 3482 942 3542 ad
960 3492 1068 3542 certum
