2286 3944
432 129 711 180 VITELLIUS.

430 556 684 613 vitaturus.

125 710 312 773 Vitelliorum
326 713 466 790 originem
482 713 531 773 alii
546 713 631 773 aliam
651 722 680 773 et
701 715 815 793 quidem
838 717 1061 777 diversissimam
1076 729 1089 780 1

60 794 194 874 nudum,
217 798 320 875 partim
336 805 465 856 veterem
482 806 511 856 et
527 797 672 874 nobilem,
691 800 793 876 partim
813 818 886 859 vero
906 817 1009 859 novam
1032 810 1061 860 et

62 880 219 941 obscuram
240 889 328 958 atque
351 882 435 940 etiam
456 881 617 949 sordidam3
642 882 719 958 quod
740 900 796 960 ego
820 902 874 962 per
895 883 1061 944 adulatores

63 963 341 1042 obtrectatoresque
357 965 539 1043 imperatoris
555 964 655 1024 Vitelli
676 968 811 1026 evenisse
834 969 984 1046 opinarer,
1008 967 1062 1028 nisi

10 1060 58 1113 urit
66 1047 214 1125 aliquanto
225 1048 304 1124 prius
316 1047 351 1108 de
363 1048 487 1108 familiae
499 1048 664 1108 conditione
676 1051 814 1110 variatum
828 1061 917 1110 esset.
932 1055 1017 1110 Extat
1025 1051 1060 1124 Q.

10 1170 15 1197 .
63 1130 154 1208 Elogi
165 1131 202 1191 ad
215 1129 349 1204 Quintum
359 1131 507 1192 Vitellium
518 1130 584 1191 Divi
596 1131 720 1210 Augusti
733 1144 919 1212 quaestorem
933 1134 1060 1213 libellus,

10 1250 12 1257 ·
65 1231 124 1294 quo
141 1215 313 1291 continetur,
328 1213 464 1275 Vitellios
480 1215 578 1275 Fauno
594 1215 784 1294 Aboriginum
798 1237 869 1295 rege
888 1229 916 1278 et
931 1217 1060 1294 Vitellia,

64 1316 142 1378 quae
157 1297 253 1358 multis
268 1299 342 1358 locis
359 1317 414 1378 pro
429 1299 542 1360 numine
560 1301 717 1377 coleretur,
735 1311 817 1361 ortos
832 1312 895 1362 toto
910 1302 991 1362 Latio
1011 1303 1061 1360 im·

12 1458 17 1463 ¹
65 1400 204 1461 perasse;
226 1383 328 1442 horum
351 1384 495 1444 residuam
518 1385 638 1462 stirpem
658 1404 697 1444 ex
711 1386 825 1446 Sabinis
847 1387 988 1447 transisse
1003 1385 1060 1445 Ro·

10 1476 59 1527 ·:2
66 1484 139 1527 mam
154 1475 240 1544 atque
258 1468 333 1526 inter
347 1469 486 1546 patricios
502 1467 659 1536 adlectam;
682 1469 785 1530 indicia
803 1471 900 1548 stirpis
920 1471 1061 1530 mansisse

65 1550 113 1611 din
127 1551 203 1610 viam
217 1549 364 1610 Vitelliam
381 1551 417 1610 ab
433 1550 560 1610 laniculo
577 1554 612 1614 ad
627 1571 706 1612 mare
717 1571 820 1631 usque,
836 1555 904 1614 item
917 1555 1061 1614 coloniam

65 1632 196 1694 eiusdem
216 1635 355 1710 nominis,
378 1653 461 1712 quam
482 1636 583 1711 gentili
605 1638 689 1714 copia
716 1636 858 1697 adversus
880 1637 1061 1716 Aequiculos

14 1780 18 1785 ,
64 1717 210 1779 tutandam
233 1719 301 1778 olim
327 1718 586 1797 depoposcissent;
615 1730 749 1799 tempore
781 1721 887 1781 deiude
916 1721 1061 1781 Samnitici

65 1801 136 1862 belli
147 1803 294 1880 praesidio
306 1804 334 1862 in
346 1802 480 1881 Apuliam
491 1806 590 1879 misso,
607 1805 746 1882 quosdam
768 1823 806 1864 ex
824 1804 940 1864 Vitellis
958 1804 1060 1862 subse·

27 1884 316 1963 alumnumque,
339 1904 498 1965 eorumque
517 1889 687 1965 progeniem
709 1888 798 1965 longo
818 1897 887 1966 post
907 1885 1060 1945 intervallo

64 1971 211 2048 repetisse
231 1970 331 2029 urbem
351 1980 437 2048 atque
461 1971 590 2030 ordinem
608 1973 792 2031 senatorium.
834 1968 943 2030 Contra
961 1969 1095 2046 plurest

64 2062 214 2114 auctorem
233 2056 351 2131 generis
373 2054 537 2113 libertinum
560 2055 765 2132 prodiderunt,
793 2054 908 2113 cassius
931 2054 1060 2113 Severus

63 2155 121 2198 nec
140 2138 232 2197 miuus
252 2139 300 2198 alii
323 2138 445 2198 eundem
468 2147 497 2197 et
519 2147 646 2197 sutorem
670 2138 957 2216 veterameutarium‚
981 2137 1060 2195 cuius

64 2220 141 2281 lilius
157 2221 335 2281 sectionibus
352 2231 381 2281 et
397 2223 555 2299 cognituris
569 2221 686 2280 uberius
709 2221 908 2299 compendium
929 2229 1060 2296 nanctus,

10 2316 105 2365 *etex
120 2305 244 2365 muliere
259 2305 383 2382 vulgari,
396 2305 533 2365 Antiochi
551 2305 698 2365 cuiusdam
718 2305 871 2365 furnariam
894 2305 1060 2364 exercentis

63 2388 134 2465 lilia,
152 2389 277 2467 equitem
292 2387 326 2448 R.
345 2390 488 2466 genuerit.
519 2390 578 2449 Sed
594 2389 671 2466 quod
687 2390 843 2468 discrepat,
860 2391 897 2449 sit
912 2390 940 2448 in
954 2388 1059 2449 medio.

64 2470 203 2533 Ceterum
217 2472 247 2532 P.
263 2472 399 2532 Vitellius
415 2474 500 2532 domo
515 2472 651 2550 Nuceria,
671 2475 732 2533 sive
747 2474 798 2532 ille
815 2474 912 2552 stirpis
926 2474 1060 2552 antiquae

64 2556 128 2616 sire
146 2555 289 2634 pudendis
303 2555 471 2634 parentibus
489 2565 576 2634 atque
589 2557 661 2633 avis,
680 2576 771 2636 eques
784 2567 865 2617 certe
877 2557 911 2616 R.
926 2567 955 2616 et
965 2574 1061 2616 rerum

65 2640 189 2716 Augusti
203 2649 385 2718 procurator,
402 2649 535 2718 quattuor
550 2640 625 2699 lilios
640 2642 832 2720 amplissimae
848 2641 994 2718 diguitatis
1011 2657 1060 2699 co·

32 2724 217 2800 “gnomines
238 2741 273 2782 ac
293 2732 399 2783 tantum
422 2724 655 2802 praenominibus
677 2726 829 2784 distinctos
854 2724 972 2802 reliquit
993 2721 1059 2781 Aul.

66 2807 101 2880 Q.
119 2806 150 2866 P.
166 2811 194 2867 L.
211 2805 302 2866 Aulus
317 2809 346 2866 in
361 2808 511 2868 consulatu
528 2807 615 2884 obiit,
639 2827 723 2887 quem
745 2826 808 2868 cum
825 2807 951 2866 Domitio
966 2804 1060 2866 Nero·

63 2892 109 2950 nis
124 2887 260 2951 Caesaris
275 2900 358 2969 patre
370 2893 483 2968 inierat,
498 2892 665 2970 praelautus
677 2893 785 2970 alioqui
796 2891 983 2968 famosusque
994 2907 1060 2950 cae-

62 2992 163 3034 natum
178 2975 399 3051 magnificentia.
433 2975 555 3050 Quintus
573 2977 663 3035 carnit
677 2976 788 3050 ordina,
805 2993 869 3034 cum
885 2983 1004 3034 auctore
1016 2974 1060 3032 Ti-

61 3058 147 3118 berio
162 3059 277 3118 secerni
295 3060 385 3119 minus
403 3059 525 3120 idoneos
543 3069 694 3119 senatores
714 3059 918 3136 removerique
936 3057 1060 3136 placuis-

30 3151 118 3202 ttsat.
136 3147 164 3200 P.
173 3187 182 3221 ‚
202 3141 364 3202 Germanici
383 3161 498 3220 comes,
522 3141 581 3203 CN.
595 3143 728 3203 Pisonem
740 3143 883 3201 inimicum
899 3151 927 3201 et
941 3141 1061 3201 interie-

62 3235 175 3286 ctoram
197 3227 259 3286 eius
281 3229 429 3288 accusavit
457 3227 732 3304 condemnavitque,
755 3243 790 3285 ac
816 3235 884 3304 post
905 3234 1061 3304 praeturae

59 3309 204 3370 bonorem
220 3311 295 3369 inter
310 3311 406 3371 Seiani
425 3313 560 3372 conscios
577 3319 711 3388 arreptus
723 3310 791 3369 etin
807 3309 967 3369 custodiam
979 3306 1057 3372 fratri

58 3393 146 3454 datus
161 3393 279 3472 scalpro
298 3394 417 3455 librario
433 3414 523 3456 venas
540 3394 594 3455 sibi
610 3395 719 3471 incidit,
738 3412 794 3454 uec
810 3403 866 3454 tam
878 3395 979 3454 mortis
991 3411 1060 3472 pae-
