2286 3944
115 194 155 252 58
194 203 223 250 c.
243 201 394 249 sunuoru
415 199 544 258 ranno.
559 199 608 246 nn
622 199 706 246 runc
722 197 908 246 umanum
924 199 995 247 crs.
1017 201 1057 246 11.

114 367 197 433 rent,
213 365 259 417 ter
274 364 304 417 ct
321 354 426 416 vicies.
453 353 594 432 Fecitque
614 370 825 430 nonnumquam
840 354 955 412 vicatim
975 372 1012 414 ac
1031 354 1117 433 pluri·

114 443 169 504 bus
191 443 305 501 scaenis
327 457 382 518 per
403 439 527 496 omnium
547 438 709 513 linguarum
730 436 887 497 histriones
910 437 992 474 *⁴¹*
1013 455 1071 497 non
1091 440 1117 496 in

113 528 179 588 foro
197 525 301 600 modo,
321 540 377 582 neo
397 523 426 579 in
447 520 673 600 amphitheatro,
695 519 747 581 sed
770 530 800 580 et
820 522 849 579 in
871 523 950 581 circo
975 530 1005 580 et
1022 522 1051 580 in
1068 522 1116 581 Se-

115 612 186 690 ptis,
208 617 237 667 et
260 604 415 686 aliquando
436 605 507 663 nihil
530 613 647 684 praeter
667 605 852 664 venationem
867 604 971 675 edidit;
996 604 1117 664 athletas

115 711 244 774 quoque,
262 693 401 751 extructis
416 691 445 748 in
460 706 563 767 campo
574 688 677 749 Martio
694 688 834 748 sedilibus
848 688 968 766 ligneis;
986 690 1053 748 item
1069 701 1133 748 nat

114 778 182 838 vale
196 776 356 856 proelium,
373 775 451 833 circa
468 772 594 833 Tiberim
611 781 713 832 cavato
729 771 810 848 solo,
832 774 933 851 inquo
952 791 1027 832 nunc
1047 770 1116 832 Cae-

115 880 211 925 sarum
226 878 327 919 nemus
343 866 397 917 est.
429 857 539 931 Quibus
551 855 653 916 diebus
669 854 806 916 custodes
826 858 854 914 in
875 856 948 916 urbe
964 856 1116 936 disposuit,

114 964 153 1007 ne
178 946 297 1005 raritate
322 941 528 1001 remanentium
554 940 769 1017 grassatoribus
796 940 924 1000 obnoxia
950 949 1040 1000 esset.
1087 939 1117 999 ln

117 1032 196 1092 circo
223 1029 338 1104 aurigas
361 1042 555 1102 cursoresque
578 1033 608 1084 et
630 1024 816 1084 confectores
835 1025 978 1102 ferarum,
1005 1032 1033 1083 et
1048 1041 1116 1084 non·

115 1131 268 1191 numquam
294 1128 332 1169 ex
351 1109 529 1168 nobilissima
551 1109 715 1185 iuventute,
739 1109 884 1186 produxit.
922 1109 980 1169 Sed
1003 1117 1033 1168 et
1048 1109 1142 1168 Tro-r

115 1200 162 1259 iae
178 1197 270 1256 lusum
286 1191 374 1253 edidit
386 1193 619 1270 frequentissime
637 1193 776 1251 maiorum
792 1193 991 1271 minorumque
1013 1209 1116 1271 puero·

116 1300 195 1356 rum,
212 1278 301 1357 prisci
316 1277 474 1354 decorique
490 1278 579 1335 moris
595 1277 779 1352 existimans,
800 1276 897 1336 clarae
918 1277 1019 1354 stirpis
1039 1276 1116 1335 indo·

116 1366 173 1426 lem
189 1365 231 1423 sic
247 1370 412 1421 notescere.
436 1360 468 1418 ln
485 1360 542 1419 boc
557 1360 669 1419 ludicro
684 1359 808 1419 Nonium
824 1359 1019 1438 Asprenatem
1035 1360 1117 1439 lapsu

115 1447 292 1509 debilitatum
308 1461 396 1503 aureo
413 1453 516 1521 torque
529 1442 647 1503 donavit
660 1462 822 1522 passusque
844 1453 889 1503 est
909 1445 1003 1523 ipsum
1021 1453 1116 1522 poste·

114 1547 223 1608 rosque
249 1528 388 1606 Torquati
413 1528 493 1587 ferre
522 1545 695 1604 cognomen.
741 1528 811 1588 blox
839 1529 923 1587 linem
955 1528 1026 1587 fecit
1051 1528 1117 1587 talia
1126 1538 1142 1578 a

115 1612 236 1689 edendi,
251 1612 353 1671 Asinio
368 1611 501 1671 Pollione
518 1619 634 1671 oratore
651 1613 781 1688 graviter
800 1612 1001 1690 invidiosaque
1023 1613 1051 1670 in
1072 1630 1117 1670 cu·

114 1700 157 1759 ria
174 1705 277 1775 questo
293 1695 448 1755 Aesernini
461 1695 578 1773 nepotis
594 1696 637 1754 sui
653 1713 765 1773 casum,
787 1697 836 1774 qui
851 1704 880 1754 et
895 1697 959 1774 ipse
977 1714 1044 1755 crus
1062 1696 1117 1754 ire·

114 1790 209 1860 gerat.

178 1863 225 1924 Ad
238 1865 371 1924 scenicas
384 1880 501 1940 quoque
514 1871 542 1922 et
551 1862 740 1939 gladiatorias
753 1871 898 1942 operaset
908 1862 1116 1940 equitibusllo·

114 1950 206 2010 manis
222 1946 375 2026 aliquando
390 1965 460 2006 usus
475 1955 529 2024 est,
544 1965 643 2006 verum
660 1948 835 2026 priusquam
851 1955 968 2006 senatus
984 1946 1142 2006 consultore

116 2032 347 2094 interdiceretur.
382 2031 489 2090 Postea
512 2031 581 2089 nihil
601 2049 671 2090 sane
693 2041 895 2108 praeterquam
916 2029 1117 2089 adulescentu-

116 2119 175 2178 lum
188 2116 219 2176 L.
239 2116 328 2176 lcium
342 2116 466 2175 honeste
481 2124 576 2175 natum
594 2114 735 2192 exhibuit,
758 2123 865 2174 tantum
884 2114 1116 2193 utostenderet3

118 2199 196 2280 quod
216 2210 278 2261 erat
296 2199 424 2278 bipedali
444 2200 553 2275 minor,
580 2198 716 2258 librarum
745 2197 952 2277 septemdecim
978 2215 1014 2256 ac
1037 2197 1117 2256 vocis

117 2287 283 2344 immensae.
325 2282 456 2358 Quodam
476 2291 570 2342 autem
591 2284 716 2341 muneris
740 2280 786 2341 die
802 2281 970 2341 Parthorum
987 2279 1116 2355 obsides,

116 2379 184 2428 tunc
201 2368 322 2444 primum
336 2367 458 2441 missos,
474 2383 528 2441 per
541 2365 662 2425 mediam
680 2384 796 2424 arenam
812 2364 847 2424 ad
864 2364 1063 2443 spectaculum
1078 2367 1115 2422 in·
1137 2395 1139 2404 ν

117 2451 196 2510 duxit
222 2467 370 2526 superque
396 2467 428 2507 se
453 2447 593 2508 subsellio
620 2448 749 2508 secundo
783 2448 948 2508 collocarit.
998 2446 1118 2506 Solebat

117 2535 201 2592 etiam
223 2532 294 2591 citra
315 2530 548 2609 spectaculorum
571 2531 651 2607 dies,
675 2533 699 2590 si
722 2530 836 2610 quando
858 2531 926 2610 quid
945 2531 1117 2590 invisitatum

117 2616 291 2693 dignumque
308 2615 424 2691 cognitu
448 2612 599 2674 advectum
621 2624 716 2691 esset,
739 2614 767 2675 id
789 2625 871 2674 extra
896 2613 1026 2674 ordinem
1048 2631 1117 2692 quo-

116 2700 188 2760 libet
204 2700 273 2760 loco
290 2696 456 2777 publicare:
477 2706 506 2756 ut
521 2697 737 2758 rhinocerotem
751 2698 828 2777 apud
843 2700 949 2777 Septa,
970 2698 1069 2774 tigrim
1090 2698 1117 2755 in

117 2802 239 2860 scaena,
255 2800 378 2858 anguem
396 2781 601 2858 quinquaginta
618 2781 777 2841 cubitorum
793 2799 848 2860 pro
868 2782 993 2842 comitio.
1129 2808 1131 2815 ·

180 2864 293 2926 Accidit
308 2865 414 2924 votivis
427 2862 622 2944 Circensibus,
638 2875 668 2925 ut
681 2875 834 2944 correptus
846 2865 1001 2926 valitudine
1013 2864 1118 2925 lectica

118 2951 226 3012 cubans
241 2957 340 3009 tensas
358 2948 530 3019 deduceret;
554 2968 653 3010 rursus
669 2951 873 3010 commissione
888 2949 1038 3026 ludorum,
1057 2949 1117 3027 qui·

116 3035 170 3094 bus
185 3033 326 3092 theatrum
339 3033 472 3094 hlarcelli
492 3033 658 3112 dedicabat,
680 3035 778 3094 evenit
797 3043 828 3094 ut
842 3034 947 3094 laxatis
962 3032 1054 3093 sellae
1072 3051 1118 3092 cu·

116 3117 187 3178 rulis
202 3118 393 3196 compagibus
408 3118 526 3178 caderet
541 3121 669 3199 supinus.
703 3118 850 3197 Nepotum
865 3135 982 3196 quoque
1002 3134 1117 3176 suorum

115 3219 234 3260 munere
256 3221 319 3262 cum
343 3212 557 3277 consternatum
578 3204 677 3265 ruinae
694 3211 770 3262 metu
790 3202 928 3281 populum
947 3200 1075 3261 retinere
1091 3207 1141 3261 et.

118 3286 291 3346 confirmare
311 3288 390 3348 nullo
415 3288 501 3348 modo
521 3297 637 3367 posset,
660 3287 771 3346 transiit
792 3304 809 3345 e
832 3287 900 3346 loco
923 3302 975 3345 suo
989 3293 1076 3362 atque
1092 3284 1119 3342 in

118 3386 152 3428 ea
168 3379 252 3443 parte
268 3372 413 3448 consedit,
433 3391 507 3450 quae
524 3381 660 3442 suspecta
673 3371 794 3430 maxime
808 3378 881 3429 erat.

74 3453 110 3512 44
181 3453 328 3531 Spectanti
385 3456 576 3515 ..siccissimum
610 3474 635 3498 w
652 3452 854 3514 soldtissimum
868 3471 980 3512 morem
994 3452 1121 3512 correxit
