2256 3930
838 32 1032 53 —-

314 111 318 125 Ι

436 305 541 353 nrvns
564 305 689 353 murus.
1025 291 1064 351 23

65 481 197 544 quosque
230 460 364 522 Caesaris
393 461 518 528 amicos;
557 476 677 537 qnorum
708 458 794 518 Gaius
828 456 955 537 Oppius,
984 457 1066 535 quasi

66 549 151 626 plane
184 545 356 604 defensione
380 562 414 604 ac
438 544 601 622 patrocinio
623 561 672 601 res
696 550 817 618 egeret,
840 540 943 600 librum
967 539 1065 617 edidit,

66 648 123 689 non
146 646 212 688 esse
242 627 492 702 (lassarislilium,
523 643 607 703 quem
633 624 789 704 Cleopatra
822 624 908 685 dicat.
945 624 1067 684 Helvius

68 714 157 774 Cinna
174 713 232 772 TR.
249 711 302 771 PL.
320 711 468 789 plerisque
497 709 651 768 confessus
667 719 712 768 est
728 709 864 768 habuisse
881 727 913 768 se
929 711 1067 786 scriptam

44 805 251 877 sparatamque
277 796 388 872 legem,
418 812 501 872 quam
520 790 628 853 Caesar
649 793 727 852 lerre
748 795 882 852 iussisset
912 810 975 851 cum
1003 792 1068 870 ipse

67 880 202 955 abesset,
230 881 270 938 uti
293 896 401 937 uxores
422 877 580 936 liberorum
596 875 826 954 quaerendorum
849 894 935 936 causa
951 893 1021 954 quas
1039 883 1070 934 et

68 973 137 1043 quot
152 963 243 1022 vellet
258 961 366 1020 ducere
385 962 498 1020 liceret.
521 959 568 1018 Ac
585 979 621 1018 ne
638 963 683 1019 cui
706 959 820 1019 dubium
839 961 954 1018 omnino
970 960 1017 1035 sit,
1040 967 1069 1017 el

68 1047 261 1125 impudicitiae
282 1054 311 1104 et
335 1045 540 1105 adulteriorum
561 1043 704 1119 llagrasse
726 1043 857 1120 infamia,
880 1041 967 1102 Curio
985 1051 1069 1120 pater

68 1131 187 1209 quadam
209 1148 273 1189 eum
297 1131 427 1188 oratione
451 1129 575 1187 omnium
597 1127 748 1186 mulierum
774 1128 866 1186 virum
895 1135 923 1184 et
945 1127 1069 1184 omnium

34 1236 57 1275 ro
68 1217 196 1274 virorum
210 1213 358 1272 mulierem
375 1212 513 1291 appellat.

132 1299 197 1356 Vini
219 1297 417 1374 parcissimum
436 1314 473 1354 ne
497 1295 601 1353 inimici
622 1293 736 1372 quidem
753 1302 944 1370 negaverunt.
977 1293 1113 1359 Marcios

68 1381 187 1442 Catonis
212 1389 272 1456 est,
303 1399 395 1440 unum
410 1397 449 1439 ecc
465 1377 605 1439 omatibus
622 1376 791 1439 Caesarem
811 1377 855 1437 ad
874 1377 1070 1438 evertendum

66 1463 300 1541 rempublicam
314 1462 454 1523 sobrium
471 1463 653 1522 accessisse.
675 1462 748 1523 Nam
765 1463 842 1522 circa
858 1463 965 1520 rictum
982 1461 1069 1521 Gaius

68 1549 179 1627 Oppius
202 1546 275 1606 adeo
299 1547 509 1607 indifferentem
532 1545 635 1623 docet,
665 1554 696 1604 ut
728 1545 870 1625 quondam
895 1545 930 1605 ab
953 1545 1068 1623 hospite

34 1631 213 1692 reconditum
229 1630 388 1709 oleumpro
405 1629 488 1689 viridi
504 1629 680 1708 adpositum,
705 1628 927 1708 aspernantibus
951 1629 1068 1704 ceteris,

68 1716 161 1775 solum
177 1715 261 1773 etiam
275 1714 384 1790 largius
401 1714 550 1792 appetisse
572 1713 696 1790 scribat,
727 1732 763 1772 ne
784 1713 930 1792 hospitem
951 1722 998 1773 aut
1018 1730 1067 1771 ne·

68 1800 236 1875 glegeutiae
258 1806 305 1856 aut
319 1797 487 1857 rusticitatis
508 1796 656 1856 videretur
681 1815 816 1874 arguere.
856 1796 1067 1856 Abstinendum
1078 1797 1112 1851 54

69 1900 163 1959 neque
178 1882 206 1938 in
221 1881 350 1959 imperiis
364 1899 459 1959 neque
477 1883 505 1938 in
520 1879 735 1956 magistratibus
753 1881 906 1958 praestitit.
939 1881 979 1941 m
994 1880 1069 1938 enim

70 1964 182 2042 quidam
207 1965 396 2022 monumentis
418 1965 478 2022 suis
499 1965 596 2022 testati
617 1972 698 2039 sunt,
728 1965 756 2022 in
783 1963 921 2042 Hispania
943 1981 1069 2042 procon-

34 2048 134 2107 cosule
156 2055 215 2106 eta
236 2049 324 2106 sociis
345 2048 484 2125 pecunias
509 2049 624 2125 accepit
651 2046 844 2107 emendicatas
875 2048 904 2105 in
935 2047 1071 2106 auxilium

69 2132 144 2191 aeris
174 2130 259 2190 alieni
287 2139 316 2189 et
342 2130 540 2190 Lusitanorum
569 2130 708 2207 quaedam
739 2130 863 2208 oppida,
902 2146 1071 2207 quamquam

69 2232 125 2272 nec
140 2215 279 2291 imperata
295 2213 492 2272 detrectarent
505 2221 534 2271 et
553 2213 716 2272 advenienti
738 2222 838 2291 portas
859 2213 1070 2291 patefacerent,

70 2297 185 2374 diripuit
205 2295 360 2355 hostiliter.
389 2295 422 2355 lu
441 2295 532 2356 Gallia
552 2296 619 2356 fana
636 2297 801 2375 templaque
821 2296 905 2355 deum
921 2296 1004 2355 donis
1024 2313 1069 2352 re·

69 2381 143 2439 ferta
171 2380 327 2457 expilavit,
349 2379 437 2439 urbes
464 2379 548 2438 diruit
570 2381 687 2458 saepius
708 2379 745 2439 oh
767 2379 902 2459 praedam
927 2396 1010 2457 quam
1033 2377 1070 2436 ob

35 2463 219 2530 esdelictum;
240 2463 316 2522 unde
330 2463 454 2539 lactum,
480 2471 592 2522 utauro
614 2463 772 2524 abundaret
787 2465 935 2541 ternisque
956 2461 1071 2522 milibus

69 2563 208 2605 nummum
224 2547 252 2604 in
267 2546 357 2606 libras
373 2547 556 2625 promercale
575 2565 629 2624 per
648 2547 758 2608 Italiam
781 2547 1004 2626 provinciasque
1030 2544 1070 2604 di·

68 2629 217 2688 venderet.
241 2628 273 2688 In
289 2631 380 2708 primo
397 2629 547 2690 consulatu
562 2631 616 2690 tria
636 2631 713 2691 milia
731 2631 829 2710 pondo
851 2632 912 2690 auri
927 2630 1071 2690 iuratusc

70 2712 231 2792 Capitolio,
258 2713 422 2773 tantundem
443 2715 563 2773 inaurati
581 2715 658 2773 aeris
678 2716 820 2793 reposuit.
855 2715 1020 2774 Societates
1036 2729 1071 2772 ac

68 2815 159 2873 regna
184 2800 279 2874 pretio
301 2797 395 2873 dedit,
419 2805 449 2856 ut
469 2798 517 2875 qui
539 2798 586 2856 uni
606 2796 774 2858 Ptolemaeo
797 2815 892 2877 prope
919 2815 972 2856 sex
993 2796 1071 2856 milia
1124 2838 1127 2849 .

34 2895 59 2935 so
70 2881 241 2939 talentorum
263 2898 315 2939 suo
337 2880 514 2959 Pompeique
535 2882 650 2940 nomine
673 2881 837 2942 abstulerit.
876 2880 982 2940 Postea
997 2897 1070 2940 vero
1121 2912 1126 2945 s

70 2962 292 3021 evidentissimis
315 2965 425 3042 rapinis
449 2981 484 3024 ac
504 2964 658 3040 sacrilegis
676 2974 705 3024 et
726 2984 815 3026 onera
841 2964 984 3024 bellorum
1002 2964 1070 3023 civi·
1117 2980 1122 3027 ῐ

69 3046 135 3104 lium
156 3055 184 3104 et
200 3045 408 3124 triumphorum
431 3065 466 3106 ac
485 3064 632 3106 munerum
654 3050 787 3108 sustinuit
809 3047 962 3127 impendia.

128 3128 303 3207 Eloquentia
323 3130 495 3209 militarique
517 3149 550 3189 re
577 3139 625 3190 aut
653 3134 787 3211 aequavit
810 3133 1113 3212 praestantissimo-55

68 3230 130 3270 rum
160 3212 283 3288 gloriam
301 3222 348 3274 aut
378 3215 514 3272 excessit.
557 3213 628 3273 Post
655 3217 871 3276 accusationem
897 3213 1071 3274 Dolabellae

34 3295 146 3354 suhaud
163 3295 247 3355 dubie
263 3296 442 3376 principibus
456 3299 586 3375 patronis
607 3296 807 3359 adnumeratus
825 3308 878 3359 est.
919 3297 1007 3357 Certe
1024 3295 1070 3356 (li-

71 3397 140 3438 cero
156 3379 191 3439 ad
204 3379 338 3457 Brutum,
363 3389 494 3439 oratores
516 3398 701 3459 enumerans,
723 3391 812 3459 negat
833 3400 866 3442 se
886 3381 1003 3458 videre,
1024 3378 1071 3439 cui

70 3461 175 3522 debeat
198 3461 307 3523 Caesar
328 3463 451 3540 cedere,
474 3465 569 3543 aitque
594 3481 659 3522 eum
681 3465 859 3544 elegantem,
891 3464 1071 3543 splendidam

70 3562 185 3624 quoque
209 3555 294 3625 atque
311 3549 395 3608 etiam
410 3548 591 3624 magnificam
606 3556 636 3606 et
655 3566 830 3626 generosam
846 3549 969 3630 quodam
983 3547 1071 3607 modo
