2286 3944
32 203 94 264 296
303 208 334 256 c.
357 205 524 256 sccrosn
544 205 765 264 mosomus

96 366 129 427 G.
160 366 296 424 Valerius
320 362 451 423 catullus
476 362 604 439 scriptor
624 360 735 436 lyricus
756 361 903 422 Veronae
925 365 1036 423 nascitur

34 471 65 512 u.
86 459 156 512 667.
171 458 231 511 668
250 495 258 509 .
276 495 282 506 .
302 494 310 507 .
331 446 462 508 Catullus
478 447 626 505 tricesimo
642 447 747 505 aetatis
759 465 835 506 suae
848 465 926 506 anuo
940 447 1036 507 Romae

32 537 152 595 moritur
168 551 200 593 u.
218 542 283 594 697.
302 540 368 593 698.

96 619 202 677 Varius
224 627 253 676 et
274 617 389 691 Tucca,
410 614 525 692 Virgilii
541 623 570 672 et
585 612 697 673 Horatii
716 613 958 691 contubernales,
974 633 1033 694 poe·

33 714 80 764 tae
98 701 239 762 habentur
255 702 394 775 illustres,
411 701 459 777 qui
475 698 625 757 Aeneidos
641 707 746 775 postea
764 698 858 759 libros
872 699 1034 759 emendave-

33 796 98 847 runt
115 786 168 845 sub
186 804 221 846 ea
238 785 351 862 legent
367 783 436 843 nihil
453 782 594 842 adderent
608 798 638 840 a.
658 790 725 842 737.

99 870 239 947 Virgilius
265 869 346 929 llaro
368 871 397 926 in
416 883 493 945 pago
510 867 559 944 qni
573 865 674 924 Andes
689 865 795 925 dicitnr
814 866 893 926 haud
909 867 1034 946 procula

34 955 150 1016 llantua
173 956 301 1014 nascitur
321 952 461 1030 Pompeio
483 960 512 1009 et
530 947 638 1009 Crasso
654 967 736 1010 cons.
752 949 851 1010 Idibus
866 949 1034 1012 Octobribus

35 1057 65 1100 a.
86 1046 155 1101 684.
184 1085 191 1097 .
220 1082 227 1095 .
258 1083 264 1095 .
288 1036 427 1114 Virgilius
451 1033 612 1094 Cremonae
634 1034 736 1094 studiis
760 1035 893 1094 eruditur
921 1053 951 1095 u.
976 1043 1033 1097 696.

36 1131 116 1185 697.
138 1121 327 1198 ..Virgilius
347 1129 460 1198 sumpta
479 1129 548 1195 toga
568 1117 764 1178 liediolanum
787 1120 999 1197 transgreditur
1012 1129 1036 1179 et

34 1216 102 1286 post
117 1205 209 1264 breve
226 1214 340 1282 tempus
356 1204 477 1263 Romam
491 1205 587 1282 pergit
603 1220 633 1262 o.
651 1210 716 1263 701.
734 1211 817 1264 792.
836 1248 843 1261 .
863 1249 871 1262 .
889 1204 1035 1278 Quintilius

35 1289 242 1351 Cremonensis
264 1288 379 1364 Virgilii
401 1297 431 1346 et
446 1287 557 1347 Horatii
579 1288 687 1346 amicos
708 1289 829 1347 moritur
851 1307 883 1349 a.
902 1298 968 1350 739.
988 1296 1035 1348 731

35 1373 250 1450 ...Virgilius
272 1371 425 1430 Brundusii
448 1373 569 1430 moritur
593 1372 692 1430 Sentio
708 1373 863 1432 Saturnino
886 1383 916 1433 et
937 1373 1035 1432 Lucre·

34 1459 74 1518 tio
89 1455 178 1515 Cinna
198 1472 278 1514 cons.
303 1453 378 1514 Ossa
400 1456 462 1514 eius
485 1454 640 1534 Neapolim
660 1455 798 1516 translata
813 1458 842 1516 in
859 1458 989 1517 secundo
1005 1456 1034 1515 ab

35 1541 106 1600 urbe
126 1539 249 1598 miliario
274 1539 473 1617 sepeliuntur,
499 1539 580 1599 titulo
609 1539 792 1599 huiusmodi
814 1559 904 1620 supra
920 1543 1033 1619 scripto,

34 1643 119 1702 quem
135 1625 200 1700 ipse
217 1625 345 1682 moriens
361 1623 537 1683 dictaverat:

119 1705 234 1767 Mantua
258 1726 304 1767 me
326 1709 441 1784 genuit,
469 1705 584 1767 Calabri
608 1725 751 1784 rapuere,
783 1717 863 1768 tenet
878 1727 954 1768 nuuc

163 1790 362 1869 Parthenope;
386 1793 480 1851 cecini
494 1808 619 1869 pascua,
636 1810 713 1867 rura,
729 1791 830 1851 duces.
847 1810 877 1854 u.
898 1802 964 1854 735.

102 1875 278 1942 Vergilianum
298 1878 390 1938 vitam,
411 1891 475 1940 quae
486 1875 577 1925 Donati
588 1877 791 1926 commentatoris
804 1891 862 1928 esse
875 1887 901 1928 et
913 1878 992 1928 fertur
1003 1880 1034 1942 (v.

34 1944 192 1995 Glossarium
210 1945 379 1996 isidorianam
397 1961 419 1995 s.
439 1961 462 1994 v.
482 1943 629 2008 lenociniis)
649 1953 674 1994 et
690 1959 750 1994 vere
766 1960 824 1995 esse
842 1947 960 2008 videtur,
986 1947 1035 1996 licet

34 2015 105 2063 multi
126 2013 272 2077 Tranquillo
292 2015 456 2077 vindicarint,
482 2012 523 2062 hic
538 2013 634 2063 relerre
651 2015 707 2064 ausi
725 2027 776 2064 non
802 2029 901 2064 sumus.
928 2015 1035 2066 Ceterum

34 2083 144 2149 plurimo
158 2083 308 2133 Suetoniani
320 2084 418 2150 ingenii
429 2083 539 2148 vestigia
549 2097 676 2148 agnoscas
687 2083 713 2131 in
725 2096 754 2132 eo
767 2084 885 2150 exemplo
899 2086 955 2134 eius
967 2086 1035 2143 vitae,

35 2151 101 2214 qnod
118 2152 230 2201 omnium
243 2152 447 2216 antiquissimum
462 2167 476 2200 e
489 2151 575 2201 codice
587 2151 647 2201 olim
661 2151 822 2214 Floriacensi,
838 2167 907 2202 nnnc
921 2153 1036 2203 Beruensi

1 2295 4 2298 Ι
36 2220 85 2269 172
99 2219 179 2270 edidit
192 2219 221 2270 P.
236 2219 327 2270 Daniel
341 2227 365 2270 ct
381 2235 462 2286 nuper
476 2218 678 2285 (Rudolphopoli
689 2218 767 2284 1847)
781 2219 807 2271 Ο.
822 2219 851 2271 G.
862 2220 963 2271 Miller.

100 2303 254 2364 Cornelius
271 2303 369 2365 Gallus
386 2303 595 2364 Foroiuliensis
612 2313 717 2382 poeta,
740 2322 755 2363 a
773 2322 830 2382 quo
848 2306 970 2384 primum
984 2307 1036 2365 Ae·

33 2397 153 2465 gyptum
174 2399 284 2448 rectam
306 2407 394 2468 supra
416 2388 554 2464 diximus,
574 2388 797 2467 quadragesimo
828 2391 917 2449 tertio
943 2393 1037 2450 aetatis

34 2489 105 2530 suae
127 2489 201 2530 anno
226 2473 345 2551 propria
367 2490 400 2531 se
422 2491 504 2532 manu
525 2472 660 2532 interficit
680 2491 710 2533 a.
736 2481 801 2534 727.
819 2481 878 2534 726
900 2517 907 2532 .
927 2519 934 2534 .
954 2519 961 2532 .
984 2475 1037 2534 Ae·

33 2564 141 2633 gyptus
158 2555 188 2615 fit
205 2554 333 2616 Romana
352 2557 520 2634 provincia,
544 2575 628 2634 quam
648 2558 755 2635 primus
770 2559 863 2616 tenuit
881 2555 915 2618 (i.
934 2557 1037 2620 Corne·

34 2637 89 2698 lius
108 2637 222 2716 Gallus,
240 2640 276 2700 de
294 2656 350 2717 quo
367 2639 506 2717 Virgilius
525 2641 625 2700 scribit
640 2642 668 2699 iu
680 2640 827 2701 bucolicis
844 2659 874 2701 a.
890 2650 960 2706 725.
976 2652 1037 2704 726.

96 2723 232 2784 Horatius
246 2722 372 2783 Flaccus
388 2725 523 2784 satiricus
537 2733 565 2784 et
578 2725 687 2799 lyricus
701 2733 789 2804 poeta
805 2724 945 2787 libertino
961 2737 1037 2806 patre

32 2807 152 2866 Venusii
164 2811 328 2872 nascitura.
340 2816 501 2870 687-689
517 2852 524 2866 .
540 2853 547 2867 .
564 2853 571 2866 .
587 2808 722 2869 Horatius
738 2809 981 2888 quinquagesimo
996 2831 1037 2870 se·

32 2894 121 2970 ptimo
136 2893 239 2952 aetatis
251 2910 321 2952 suae
335 2909 409 2952 anno
418 2891 528 2952 Rornae
540 2895 697 2953 moritura.
708 2901 782 2953 744.
793 2940 799 2953 .
811 2939 816 2952 .
828 2894 978 2956 Statuerat
986 2895 1037 2955 llo·

31 2979 121 3036 ratius
138 2975 172 3036 ad
192 2977 306 3036 tertium
322 2995 415 3056 usque
432 2977 535 3036 librum
552 2977 701 3056 complere
718 2994 792 3056 opus
808 2979 975 3056 carminum,
993 2998 1037 3038 ve·

31 3079 92 3119 rum
109 3060 200 3120 tribus
216 3060 298 3120 libris
315 3062 370 3122 iam
389 3061 474 3121 editis
490 3079 528 3120 ex
546 3063 669 3121 maximo
690 3061 844 3121 intervallo
862 3061 939 3122 hunc
958 3081 1035 3142 quar·

31 3152 87 3203 tum
105 3144 238 3204 scribere
255 3146 423 3224 compulsus
440 3153 484 3205 est
500 3145 535 3205 ab
551 3146 702 3223 Augusto,
730 3155 760 3205 ut
776 3145 870 3205 refert
885 3149 1035 3208 Suetonius

29 3227 57 3285 in
80 3230 137 3287 vita
159 3228 286 3304 lloratii,
312 3232 340 3289 in
362 3229 476 3290 laudem
498 3229 623 3307 privigni
645 3232 689 3290 sui
709 3229 795 3292 Drusi
817 3229 964 3306 Neronis,
991 3231 1033 3308 qui

29 3311 124 3370 victor
154 3312 189 3371 do
222 3311 322 3373 Raetis
345 3314 504 3374 Vindelicis
524 3313 619 3374 luerat
646 3332 793 3375 reversus.
841 3311 970 3374 Scholia
994 3311 1032 3372 ud

29 3391 140 3454 Horat.
159 3413 244 3455 caro*
280 3407 293 3440 7
326 3407 346 3459 7
372 3397 546 3495 'Apparet
559 3397 635 3458 huuc
651 3399 795 3458 librum
812 3397 949 3457 hortatu
963 3396 1026 3456 Gae

28 3477 102 3536 saris
125 3480 254 3556 script
404 3483 474 3532 orins
520 3483 654 3541 curatam
684 3481 838 3542 Suetonius
861 3486 1021 3540 auctorest
