2286 3944
116 216 155 276 78
200 228 230 276 c.
245 228 394 276 sunrour
409 228 537 287 nanno.
555 228 602 274 nn
619 229 700 276 vrrs
719 227 904 275 cassanum
923 229 993 277 mn.
1008 231 1046 277 11.

114 385 185 444 ioris
212 383 392 460 tempestatis
417 384 613 462 suspicionem
639 383 667 440 in
688 382 813 441 abditum
835 401 864 442 et
886 394 1112 444 concamaratum

114 469 210 528 locum
236 485 268 525 se
290 468 454 544 reciperet,
478 475 679 527 consternatus
703 465 771 525 olim
794 484 848 545 per
868 475 1040 527 nocturnum
1066 472 1112 528 iter

115 562 281 613 transcursu
297 550 438 627 fulguris,
454 561 484 610 ut
501 550 704 630 praediximus.

71 654 103 711 91
179 635 296 695 Somnia
317 653 414 712 neque
437 654 488 695 sua
506 653 601 712 neque
622 634 716 694 aliena
732 634 768 693 de
784 652 817 694 se
834 635 1026 713 neglegebat.
1059 638 1112 698 l'bi·

113 721 241 799 lippensi
262 721 325 778 acic
342 721 472 796 quamvis
489 720 636 779 statuisset
653 737 711 779 non
727 717 828 795 egredi
844 718 1037 782 tabernaculo
1056 735 1128 801 prot

114 815 180 887 pter
195 802 397 880 valitudinem,
422 822 562 880 egressus
578 811 731 862 esttamen
747 803 831 862 amici
850 806 964 864 somnio
980 808 1111 872 monitus:

116 889 264 966 cessitque
287 905 335 946 res
358 904 518 967 prospere,
543 885 657 965 quaudo
679 887 772 964 captis
793 889 896 947 castris
915 888 1026 949 lectica
1050 891 1111 965 eius,

115 974 198 1056 quasi
222 971 260 1030 ibi
276 971 385 1031 cubans
399 972 599 1046 remansisset,
622 989 766 1031 concursu
781 971 905 1031 bostium
921 973 1064 1033 confossa
1081 982 1111 1032 at·
1133 972 1136 1015 ἱ

115 1077 172 1139 que
187 1057 316 1115 lacerata
331 1064 384 1112 est.
407 1054 475 1133 lpse
491 1073 545 1134 per
559 1073 643 1114 omne
658 1073 712 1114 ver
727 1055 847 1133 plurima
864 1065 893 1114 et
906 1056 1112 1118 formidulosis

115 1145 185 1203 sima
210 1148 239 1199 et
262 1156 335 1197 vana
363 1147 392 1197 et
416 1140 495 1197 irrita
515 1138 646 1214 videbat,
666 1139 781 1217 reliquo
802 1148 935 1218 tempore
957 1145 1070 1201 rariora
1090 1148 1125 1200 et

113 1229 205 1287 minus
217 1240 300 1282 vana.
333 1219 403 1280 Cum
420 1222 581 1282 dedicatam
596 1224 623 1281 in
640 1221 786 1301 Capitolio
803 1222 905 1282 aedem
921 1223 1048 1285 'l'ouanti
1059 1225 1112 1285 lovi

114 1309 228 1372 assidue
253 1307 465 1384 frequentaret,
494 1309 664 1383 somniavit,
692 1309 774 1384 queri
801 1305 995 1385 Capitolinum
1021 1309 1112 1368 loven

115 1394 243 1454 cultores
258 1389 313 1448 sibi
332 1388 451 1465 abduci,
469 1408 560 1469 seque
576 1391 785 1469 respondisse,
803 1391 963 1451 Tonantem
979 1411 1036 1471 pro
1052 1393 1112 1452 iani·

112 1487 176 1537 torc
195 1475 222 1533 ei
238 1474 416 1552 appositum;
439 1474 567 1552 ideoque
581 1492 651 1533 mox
666 1474 861 1535 tintinnabulis
875 1475 1026 1553 fastigium
1041 1476 1113 1537 aedis

112 1558 249 1634 redimiit,
266 1557 344 1636 quod
363 1575 397 1618 ea
413 1558 477 1617 lere
492 1560 584 1618 ianuis
600 1558 812 1637 dependebant.
835 1558 882 1618 En
896 1569 1043 1620 nocturno
1057 1562 1125 1619 visut
1141 1596 1142 1600 ,

113 1647 197 1705 ctiam
212 1643 316 1720 stipem
332 1651 402 1720 quot
418 1644 498 1702 anuis
512 1643 559 1701 die
576 1652 656 1703 certo
675 1642 875 1703 emendicabat
890 1661 906 1704 a
921 1645 1052 1723 populo,
1075 1662 1113 1704 ca-

112 1747 176 1789 vam
192 1743 304 1785 manum
322 1743 406 1786 asses
424 1726 643 1804 porrigentibus
659 1727 815 1805 praebens.

70 1826 104 1881 92
174 1812 314 1888 Auspicia
337 1819 366 1869 et
385 1811 480 1870 omina
497 1811 637 1888 quaedam
660 1829 714 1889 pro
738 1812 908 1870 certissimis
924 1811 1113 1872 observabat:

114 1899 138 1957 si
160 1913 243 1956 mane
264 1894 318 1954 sibi
344 1895 460 1955 calceus
480 1912 635 1975 perperam
653 1913 687 1954 ac
705 1897 821 1954 sinister
842 1913 896 1974 pro
915 1895 1022 1955 dextro
1042 1895 1113 1954 indu·

116 1990 246 2055 caretur,
262 1989 292 2039 ut
307 1979 411 2048 dirum;
429 1980 454 2038 si
468 1988 546 2039 terra
561 1981 669 2039 marive
684 1979 865 2055 ingrediente
883 1998 916 2038 se
931 1980 1127 2059 longinquam

115 2065 329 2147 profectionem
343 2064 420 2124 iorte
435 2073 582 2141 rorasset,
598 2073 628 2122 ut
642 2064 746 2124 lactum
760 2066 920 2142 maturique
936 2073 966 2123 et
981 2065 1113 2142 prosperi

113 2151 232 2210 reditus.
267 2149 325 2209 Sed
342 2159 370 2208 et
386 2151 507 2209 ostentis
523 2147 873 2227 praecipuemovebatur.
907 2147 1031 2208 Enatam
1046 2150 1113 2207 inter

113 2237 259 2294 iuncturas
280 2233 406 2311 lapidum
426 2243 492 2293 aute
510 2233 623 2292 domum
639 2251 717 2292 suam
735 2233 857 2310 palmam
876 2233 904 2291 in
923 2232 1114 2310 compluvium

69 2373 74 2384 ,
114 2319 234 2379 deorum
249 2318 398 2377 Penatium
418 2317 574 2393 transtulit,
597 2325 684 2395 utque
703 2316 887 2376 coalesceret
901 2333 1008 2394 magno
1027 2333 1113 2395 opere

115 2403 234 2462 curavit.
270 2399 357 2477 Apud
378 2401 499 2460 insulam
522 2399 652 2478 Capreas
673 2403 847 2459 veterrimae
872 2401 947 2460 ilicis
972 2400 1141 2460 demissos

112 2487 166 2543 iam
185 2483 220 2542 ad
240 2492 347 2542 terram
362 2484 584 2561 languentisque
598 2502 694 2543 ramos
712 2484 896 2544 convaluisse
911 2483 1037 2544 adventu
1053 2502 1113 2559 suo,

112 2566 187 2628 adeo
202 2567 325 2626 laetatus
343 2576 397 2643 est,
414 2576 443 2625 ut
459 2585 510 2626 eas
526 2586 588 2626 cum
604 2586 638 2626 re
654 2586 683 2645 p.
699 2567 957 2646 Neapolitanorum
972 2577 1113 2646 permuta·

112 2653 195 2727 verit,
214 2650 339 2710 Aenaria
355 2651 429 2710 data.
461 2650 645 2711 Observabat
660 2660 689 2710 et
704 2651 766 2711 dies
781 2652 929 2730 quosdam,
946 2670 982 2711 ne
1001 2662 1051 2713 aut
1066 2670 1113 2730 po·

113 2735 212 2796 stridie
225 2734 363 2794 nundinas
379 2752 523 2814 quoquam
536 2736 783 2812 proficisceretur,
801 2745 848 2795 aut
859 2735 950 2796 Nonis
963 2738 1114 2815 quicquam

112 2820 156 2878 rei
176 2820 270 2878 seriae
292 2818 458 2887 inchoaret;
483 2818 553 2877 nihil
571 2822 599 2877 in
617 2819 674 2878 hoc
690 2819 803 2897 quidem
822 2819 897 2880 aliud
913 2818 1061 2897 devitans,
1088 2827 1126 2878 ut

112 2902 148 2962 ad
164 2901 309 2962 Tiberium
326 2902 440 2979 scribit,
458 2921 542 2981 quam
558 2900 753 2982 δυσφημίαν
767 2905 898 2963 nominis.

70 3000 104 3053 93
176 2986 398 3062 Peregrinarum
414 2989 652 3047 caerimoniarum
668 2989 742 3046 sicut
757 2996 874 3047 veteres
892 3006 927 3048 ac
941 2997 1115 3066 praeceptas
1136 3036 1138 3043 ι

111 3071 348 3130 reverentissime
369 3070 474 3147 coluit,
498 3073 536 3130 ita
560 3081 672 3130 ceteras
696 3072 873 3150 contemptui
892 3071 1000 3131 habuit.
1032 3071 1114 3132 Nam·
1142 3103 1143 3108 .

112 3171 167 3232 que
192 3151 316 3214 Athenis
339 3156 481 3232 initiatus,
509 3174 574 3217 cum
596 3164 699 3234 postea
719 3157 830 3216 Romae
855 3174 910 3235 pro
931 3155 1066 3215 tribunali
1083 3156 1115 3214 de

111 3236 269 3315 privilegio
294 3240 476 3300 sacerdotum
491 3239 606 3300 Atticae
622 3238 738 3299 Generis
758 3246 956 3315 cognosceret
979 3248 1007 3298 et
1029 3258 1114 3318 quae·
1141 3283 1143 3289 ¹

111 3318 175 3379 dam
203 3327 364 3386 secretiora
391 3334 640 3403 proponerentur,
667 3323 783 3383 dimisso
810 3325 934 3384 consilio
955 3332 984 3383 et
1006 3342 1115 3384 corona
1142 3349 1143 3376 ι

112 3405 352 3469 circumstantium
383 3409 463 3468 solus
495 3409 583 3467 audiit
610 3408 815 3484 disceptantes.
862 3408 902 3467 At
931 3416 1032 3469 contra
1060 3426 1116 3467 nou

111 3487 198 3550 modo
218 3491 247 3550 iu
269 3509 443 3554 resacrare
483 3501 601 3538 'wat‘
641 3491 706 3538 ψ’·
749 3488 899 3551 ¹⁰flectere
915 3492 952 3552 ad
966 3491 1115 3552 visendum
