2256 3930
497 224 600 272 nuno.
987 214 1042 276 181
1071 171 1075 184 Ι

35 400 140 462 neque
156 399 191 440 eo
209 381 298 441 setius
316 388 470 439 coronatus
487 389 540 438 est.
569 379 724 439 Decedens
740 378 844 441 deinde
863 382 1044 460 provinciam

38 470 208 527 universam
223 464 356 523 libertate
371 461 499 539 donavit,
513 465 652 542 simulque
665 462 776 522 iudices
789 466 904 524 civitate
914 465 1044 526 Romana

40 561 72 612 et
89 550 212 631 pecunia
227 547 338 625 grandi.
384 547 465 621 Quae
483 546 625 608 beneficia
647 565 663 606 c
685 547 780 607 medio
803 548 895 608 stadio
911 547 1043 609 Isthmio-

40 654 106 695 rum
123 632 169 693 die
185 651 236 692 sua
252 633 315 709 ipse
331 649 407 690 voco
422 633 627 709 pronuntiavit.

10 735 30 777 ⁵
107 718 255 778 Reversus
271 734 287 774 c
305 713 427 775 Graecia
443 714 607 793 Neapolim,
625 713 701 792 quod
715 714 744 773 in
762 716 933 794 caprimum
953 726 1087 784 artemas

42 803 218 882 protulerat,
242 798 314 859 albis
336 799 418 877 equis
439 801 555 876 introiit,
582 800 704 858 disiecta
727 807 810 876 parte
835 802 918 876 muri,
933 809 963 858 ut
982 819 1045 860 mos

42 886 258 946 hieronicarum
276 891 335 951 esu
357 883 441 942 simili
462 883 548 942 modo
564 883 694 958 Antium,
714 882 781 941 inde
798 882 956 960 Albanum,
979 885 1046 944 inde

42 971 180 1038 Romam;
197 966 249 1027 sed
264 976 293 1026 et
308 967 428 1027 Romam
446 984 482 1026 eo
504 985 597 1042 curru,
618 983 675 1044 quo
690 965 840 1042 Augustus
861 967 929 1026 olim
949 970 1045 1028 trium·

10 1058 20 1098 ;
43 1054 196 1132 phanerat,
214 1061 243 1111 et
257 1053 285 1109 in
299 1060 382 1109 veste
400 1069 545 1128 purpurea
561 1050 754 1128 distinctaque
770 1051 863 1110 stellis
878 1052 973 1110 aureis
988 1052 1045 1112 cla·

10 1136 131 1211 omide,
155 1152 349 1212 coronamque
366 1136 461 1212 capite
480 1153 587 1212 gerens
602 1133 814 1213 Olympiacam,
837 1135 939 1194 dextra
962 1153 1046 1195 manu

42 1221 185 1296 Pythiam,
204 1227 363 1297 praeeunte
377 1236 483 1298 pompa
501 1227 662 1278 ceterarum
678 1236 741 1277 cum
755 1219 855 1295 titulis,
872 1217 920 1277 ubi
931 1227 959 1278 et
972 1237 1045 1298 quos

44 1321 104 1384 quo
121 1305 281 1363 cantionum
297 1320 392 1381 quove
407 1302 565 1362 fabularum
578 1311 747 1379 argumento
760 1304 894 1372 vicisset;
922 1321 1044 1381 sequeu-

44 1388 122 1448 tibus
139 1405 251 1446 currum
269 1389 412 1446 ovantium
426 1388 481 1445 ritu
499 1385 694 1464 plausoribus,
710 1385 909 1464 Augustianos
926 1387 1044 1446 milites·

46 1491 103 1552 que
124 1490 156 1530 se
180 1470 313 1549 triumphi
344 1472 405 1529 eius
433 1470 652 1530 clamitantibus.
709 1470 831 1547 Dehinc,
855 1471 948 1529 diruto
974 1470 1045 1530 circi

10 1556 161 1616 tumaximi
178 1574 256 1630 arcu,
273 1572 327 1633 per
342 1553 499 1614 Velabrum
514 1555 666 1631 lorumque
681 1553 818 1614 Palatium
835 1564 864 1613 et
875 1554 1045 1633 Apollinem

10 1648 21 1695 ἰ
46 1641 129 1721 petit.
172 1639 320 1700 Incedenti
342 1640 450 1716 passim
475 1639 608 1697 victimae
636 1657 742 1698 caesae
771 1657 874 1717 sparso
902 1657 956 1718 per
982 1639 1045 1698 vias

10 1728 18 1767 ἱ
44 1723 200 1785 identidem
224 1740 324 1798 croco,
348 1723 540 1799 ingestaeque
562 1740 632 1782 aves
655 1740 690 1782 ao
711 1722 842 1782 lemnisci
864 1732 893 1781 et
914 1722 1045 1781 bellaria.

19 1821 21 1825 ’
47 1810 152 1868 Sacras
170 1824 294 1866 coronas
311 1807 339 1864 in
355 1805 494 1864 cubiculis
517 1808 624 1865 circum
645 1806 741 1864 lectos
764 1808 877 1884 posuit,
901 1808 968 1886 item
989 1815 1045 1865 sta-

19 1894 24 1934 l
46 1901 109 1952 tuas
125 1909 191 1950 suas
208 1889 404 1950 citharoedico
420 1889 516 1949 habitu
532 1891 604 1968 (qua
619 1898 688 1948 nota
708 1892 793 1948 etiarn
816 1907 957 1947 nummum
979 1907 1045 1966 per-

19 1975 163 2051 bcussit.)
208 1973 253 2032 Ac
269 1982 335 2051 post
352 1973 425 2032 baec
442 1982 548 2033 tantum
565 1973 635 2032 aluit
651 1972 849 2032 aremitlendo
862 1971 1046 2049 laxandoque

17 2046 28 2136 l,
46 2058 152 2133 studio,
171 2066 201 2116 ut
218 2057 435 2116 conservandae
450 2059 533 2115 vocis
548 2057 640 2133 gratia
661 2074 756 2134 neque
777 2056 883 2114 milites
903 2072 1045 2133 umquam,

18 2142 100 2209 ‘fnisi
124 2141 230 2200 absens
251 2149 298 2199 aut
320 2140 378 2198 alio
402 2140 492 2200 verba
519 2141 733 2218 pronuntiante,
762 2139 925 2218 appellaret
950 2156 1046 2216 neque

10 2226 27 2279 q
44 2228 200 2307 quicquam
217 2225 294 2283 serio
310 2224 415 2282 iocove
432 2226 535 2300 egerit,
552 2224 605 2281 nisi
621 2232 731 2283 astante
744 2222 906 2300 phonasco,
922 2224 969 2300 qui
985 2240 1045 2281 mo·

18 2282 141 2384 lueret,
161 2313 310 2385 parceret
330 2307 457 2368 arteriis
478 2325 517 2368 ac
536 2306 698 2367 sudarium
726 2306 769 2366 od
787 2325 823 2366 os
848 2306 1025 2384 applicaret
1030 2330 1046 2378 ;

10 2376 199 2525 pmultisque
215 2392 263 2451 vel
280 2393 432 2451 amicitiam
447 2410 526 2452 suam
541 2391 678 2468 optulerit
691 2391 739 2450 vel
752 2390 923 2451 simultatem
936 2391 1045 2450 indixe-

41 2481 93 2554 rit,
111 2486 197 2554 prout
211 2477 332 2554 quisque
348 2494 380 2535 sc
396 2478 489 2553 magis
505 2477 659 2554 parciusue
676 2475 832 2535 laudasset.

10 2562 16 2599 l
109 2560 307 2636 Petulantiam,
325 2559 482 2637 libidinem,
499 2560 649 2635 luxuriam,
667 2561 826 2636 avaritiam,
844 2560 1043 2620 crudelitatem
1052 2571 1087 2625 26

42 2645 154 2706 sensim
177 2644 290 2722 quidem
312 2646 404 2722 primo
432 2654 460 2703 et
490 2643 606 2703 occulte
634 2653 663 2702 et
689 2644 770 2703 velut
797 2645 914 2703 iuvenili
944 2661 1046 2702 errore

43 2730 190 2803 exercuit,
211 2728 262 2786 sed
277 2737 307 2787 ut
323 2737 390 2788 tunc
414 2745 529 2807 quoque
552 2727 666 2788 dubium
686 2728 791 2787 nemini
813 2728 904 2803 foret,
926 2736 1046 2785 naturae

10 2814 96 2874 oilla
112 2813 190 2887 vitia,
206 2829 262 2871 non
281 2814 382 2872 aetatis
398 2831 475 2871 esse.
514 2812 584 2871 Post
601 2812 804 2889 crepusculum
817 2813 911 2871 statim
923 2809 1046 2888 adrepto

41 2896 137 2978 pilleo
153 2895 200 2953 vel
222 2895 324 2972 galero
345 2897 468 2974 popinas
487 2895 576 2954 inibat
597 2898 762 2973 circumque
782 2896 865 2954 nicos
886 2892 1047 2969 vagabatur

41 2978 227 3055 ludibundus,
245 2998 301 3038 nec
318 2980 380 3038 sine
397 2981 528 3057 pernicio
544 2988 648 3039 tamen.
694 2978 840 3057 Siquidem
858 2976 1005 3036 redeuntis
1030 2993 1047 3035 a

42 3081 138 3126 caena
153 3062 311 3122 verberare
327 3081 363 3121 ac
377 3071 574 3140 repugnantes
586 3062 740 3121 vulnerare
754 3061 921 3139 cloacisque
934 3059 1045 3118 demer-

10 3152 119 3227 ποτε
134 3156 274 3223 assuerat,
286 3146 422 3206 tabernas
433 3149 517 3206 etiam
529 3146 686 3222 effringere
694 3154 728 3203 ‘et
740 3144 886 3222 expilare;
904 3144 1046 3218 Quintana

10 3241 33 3294 ta
44 3232 124 3292 domi
137 3232 302 3308 constituta,
314 3230 363 3289 nbi
374 3238 475 3309 partae
487 3238 516 3288 et
531 3228 566 3288 ad
577 3229 765 3288 licitationem
777 3227 947 3287 dividendae
961 3243 1044 3304 prae-

43 3316 100 3376 dae
116 3315 240 3394 pretium
257 3315 465 3375 absumeretur.
510 3311 555 3370 Ac
569 3329 661 3390 saepo
677 3313 704 3369 in
721 3311 871 3370 eiusmodi
887 3313 957 3370 rixis
976 3327 1044 3370 ocu·

43 3400 138 3459 lorum
160 3408 189 3458 et
214 3401 291 3459 vitae
313 3398 471 3477 periculum
492 3395 577 3472 adiit,
600 3414 616 3455 a
637 3391 759 3473 quodam
780 3394 942 3472 laticlavio,
964 3395 1045 3454 cuius
1109 3460 1112 3466 ,

43 3501 168 3543 uxorem
181 3482 403 3559 adtrectaverat,
420 3499 515 3561 prope
531 3479 566 3539 ad
580 3497 683 3538 necem
696 3498 807 3539 caesus.
853 3480 949 3556 Quare
966 3495 1044 3538 num·

10 3620 24 3653 k
