2256 3930
107 232 148 290 74
192 242 222 289 c.
239 242 389 292 sunrour
407 244 534 304 ranno
551 244 597 290 nn
614 244 698 292 vrrs
714 242 898 292 oausam
912 242 985 292 mn.
1001 243 1039 291 11.

106 396 254 456 stellarum
272 397 407 456 caelestis
426 417 526 474 ursae,
544 397 641 457 sedet
659 397 742 458 callis
759 395 946 476 quibusdam,
966 415 1005 457 ex
1019 411 1109 477 prurt·

104 483 174 557 gine
197 482 332 558 corporis
354 481 532 560 adsiduoque
552 490 581 540 et
601 481 763 542 vehementi
784 481 906 557 strigilis
922 499 977 541 usu
993 481 1108 560 plurifa-

105 566 177 623 riam
198 565 343 623 concretis
365 564 400 624 ad
415 566 591 643 impetiginis
604 565 734 625 formam.
767 563 937 625 Goxendice
952 573 983 624 et
996 564 1108 625 femore

106 657 136 707 et
153 665 236 706 crure
254 648 370 708 sinistro
387 667 445 708 uon
463 648 582 727 perinde
600 649 730 726 valebat,
748 657 777 707 ut
792 666 884 726 saepe
898 648 987 708 etlam
1001 649 1106 709 inclau-

106 731 230 799 dicaret;
254 730 306 790 sed
324 731 453 792 remedio
474 732 642 793 harenarum
657 741 742 811 atque
757 731 944 792 harundinum
959 733 1121 800 confirma-r

105 815 198 875 batur.
225 813 352 874 Dextrae
373 833 488 895 quoque
510 834 609 877 manus
630 816 749 893 digitum
770 816 926 876 salutarem
946 823 1006 875 tam
1022 816 1105 876 imbe-

106 899 202 958 cillum
216 898 355 957 interdum
369 900 518 977 sentiebat,
531 909 561 959 ut
572 908 736 977 torpentem
746 908 983 978 contractumque
996 899 1106 977 frigore

104 983 154 1042 vix
170 983 270 1042 comei
286 983 385 1042 circuli
397 983 598 1061 supplemento
609 985 769 1061 scripturae
782 983 963 1044 admoveret.
982 983 1106 1058 Questus

105 1075 150 1126 est
173 1075 202 1125 et
222 1066 257 1125 de
277 1069 390 1143 vesica,
417 1069 497 1126 cuius
518 1067 622 1126 dolore
644 1066 764 1128 calculis
786 1067 897 1127 demum
920 1084 975 1145 per
999 1070 1107 1128 urinam

106 1153 207 1210 eiectis
223 1149 383 1210 levabatur.

61 1239 94 1295 81
169 1234 280 1295 Graves
303 1243 332 1293 et
352 1233 535 1312 periculosas
554 1235 726 1295 valitudines
750 1253 803 1313 per
825 1251 939 1293 omnem
955 1236 1047 1294 vitam
1061 1235 1105 1295 ali·

104 1327 174 1396 quot
195 1326 334 1397 expertus
356 1325 414 1387 est;
439 1319 596 1397 praecipue
618 1317 771 1380 Cantabria
791 1317 913 1394 domita,
937 1335 1005 1377 cum
1026 1321 1106 1379 etiam

103 1401 336 1462 distillationibus
364 1402 494 1461 iocinere
522 1404 621 1463 vitiato
644 1402 680 1463 ad
701 1402 937 1480 desperationem
959 1401 1105 1474 redactus,

104 1487 277 1544 contrariam
300 1493 329 1542 et
348 1487 500 1563 ancipitem
514 1488 655 1547 rationem
669 1485 801 1546 medendi
816 1485 987 1545 necessario
1006 1485 1105 1547 subiit:

103 1569 168 1646 quia
192 1567 284 1627 calida
303 1567 429 1626 fomenta
450 1585 507 1626 non
529 1570 699 1647 proderant,
725 1567 840 1645 frigidis
865 1570 960 1628 curari
986 1579 1125 1630 coactus

104 1659 223 1711 auctore
236 1650 364 1710 Antonio
379 1651 469 1710 Musa.

165 1734 308 1808 Quasdam
329 1743 357 1793 et
378 1735 589 1795 anniversarias
610 1754 646 1796 ac
667 1746 800 1816 tempore
817 1744 898 1795 certo
918 1746 1106 1796 recurrentes

104 1819 322 1897 experiebatur;
345 1835 409 1878 nam
429 1818 482 1877 sub
502 1819 628 1879 natalem
645 1840 725 1880 suum
743 1819 912 1899 plerumque
930 1818 1105 1896 languebat;

104 1913 132 1962 et
147 1903 227 1961 initio
243 1902 320 1960 veris
338 1902 576 1980 praecordiorum
589 1903 738 1964 inflatione
751 1902 953 1982 temptabatur,
969 1905 1106 1963 austrinis

103 1996 196 2047 autem
222 1985 439 2064 tempestatibus
464 1986 632 2062 gravedine.
680 1989 775 2063 Quare
803 1995 939 2066 quassato
964 2004 1106 2066 corpore,

57 2084 92 2138 62
102 2088 195 2149 neque
210 2070 321 2146 frigora
336 2087 430 2148 neque
447 2078 543 2130 aestus
559 2070 647 2130 facile
662 2070 816 2131 tolerabat.
841 2070 943 2130 Hieme
955 2074 1107 2150 quaternis

103 2173 166 2213 cum
182 2155 281 2233 pingui
299 2162 369 2229 toga
384 2154 487 2212 tunicis
502 2163 531 2213 et
546 2153 684 2216 subucula
699 2163 727 2214 et
741 2154 862 2214 thorace
879 2153 965 2213 laneo
983 2164 1014 2213 et
1026 2156 1106 2214 lemi-

100 2236 212 2297 nalibus
229 2246 257 2296 et
272 2237 415 2297 tibialibus
429 2237 624 2313 muniebatur,
641 2247 751 2298 aestate
769 2239 878 2317 apertis
893 2237 1021 2297 cubiculi
1037 2240 1106 2298 fori·

100 2321 169 2397 bus,
193 2338 227 2380 ac
250 2338 339 2399 saepe
359 2323 387 2380 in
408 2321 551 2398 peristylo
573 2321 695 2381 saliente
717 2339 791 2400 aqua
808 2329 892 2400 atque
907 2322 995 2380 etiam
1014 2324 1106 2381 venti·
1127 2353 1128 2383 ι

100 2404 178 2463 laute
200 2403 297 2480 aliquo
321 2403 451 2463 cubabat.
485 2405 562 2463 Solis
578 2422 649 2463 vero
668 2424 704 2464 ne
719 2405 832 2464 hiberni
847 2403 961 2483 quidem
981 2407 1105 2482 patiens,

101 2487 177 2545 domi
201 2503 315 2562 quoque
336 2488 449 2545 nonnisi
464 2497 611 2564 petasatus
627 2487 680 2547 sub
696 2487 764 2547 divo
779 2487 966 2566 spatiabatur.
997 2488 1105 2549 Itinera

100 2569 206 2628 lectica
228 2577 256 2625 et
275 2569 409 2627 noctibus
429 2570 509 2647 fere,
531 2589 621 2650 eaque
642 2572 720 2632 lenta
736 2589 771 2632 ac
788 2573 894 2631 minuta
909 2571 1054 2649 faciebat,
1077 2581 1106 2632 ut

100 2653 258 2712 Praeneste
282 2651 330 2710 vel
346 2652 434 2711 Tibur
454 2653 540 2713 biduo
564 2656 756 2733 procederet;
780 2673 815 2715 ac
833 2657 857 2714 si
873 2672 930 2733 quo
946 2657 1104 2734 pervenire

100 2737 171 2796 mari
193 2743 310 2813 posset,
332 2736 429 2814 potius
449 2737 612 2815 navigabat.
648 2741 757 2800 Verum
782 2747 888 2799 tantam
911 2740 1105 2800 infirmitatem

100 2838 204 2898 magna
229 2837 297 2878 cura
311 2819 458 2898 tuebatur,
481 2823 510 2879 in
527 2823 626 2899 primis
641 2823 756 2883 lavandi
771 2824 887 2882 raritate
904 2823 1104 2902 (unguebatur

102 2907 176 2967 enim
200 2903 343 2981 saepius).
376 2903 434 2963 Aut
454 2905 574 2965 sudabat
593 2906 629 2965 ad
650 2907 801 2983 flammam,
825 2906 927 2966 deinde
947 2908 1103 2985 perfunde-

101 2993 183 3052 batur
209 2986 323 3064 cgelida
348 3007 421 3068 aqua
444 2990 492 3049 vel
515 2989 578 3049 sole
598 2991 686 3050 multo
707 2991 856 3069 tepefacta
864 3014 871 3060 ;
899 2999 945 3049 aut
968 2993 1125 3071 quotiens¹

100 3091 255 3136 nervorum
283 3091 368 3132 causa
394 3075 510 3132 marinis
539 3073 700 3152 albulisque
726 3074 826 3134 calidis
852 3074 987 3133 utendum
1014 3085 1102 3152 esset,

102 3167 253 3220 contentus
271 3157 404 3216 hocerat
419 3166 449 3215 ut
465 3157 592 3215 insidens
609 3157 707 3234 ligneo
725 3159 810 3235 solio,
828 3157 904 3236 quod
919 3161 983 3236 ipse
998 3157 1102 3237 Hispa·

101 3247 167 3303 nico
184 3241 274 3300 verbo
291 3241 418 3300 duretam
430 3241 562 3317 vocabat,
579 3259 676 3300 manus
689 3260 723 3300 ac
735 3242 826 3320 pedes
840 3242 956 3301 alternis
969 3244 1100 3302 iactaret.

3 3354 6 3359 ·
57 3336 95 3392 83
186 3325 418 3384 Exercitationes
439 3333 617 3402 campestres
640 3343 778 3402 equorum
799 3335 827 3384 et
848 3343 991 3385 armorum
1007 3328 1102 3385 statim

103 3418 171 3488 post
198 3409 291 3468 civilia
316 3408 393 3468 bella
419 3410 514 3468 omisit
541 3417 570 3466 et
597 3408 631 3466 ad
652 3409 737 3486 pilam
766 3411 858 3487 primo
882 3409 1101 3488 folliculumque

102 3493 228 3561 transiit,
249 3510 316 3550 mox
332 3492 399 3550 nihil
418 3492 493 3551 aliud
510 3510 592 3569 quam
606 3492 774 3551 vectabatur
789 3502 817 3552 et
833 3492 1047 3567 deambulabat,
1064 3497 1100 3554 ita
