<?xml version="1.0" encoding="UTF-8"?>
<!DOCTYPE html PUBLIC "-//W3C//DTD XHTML 1.0 Transitional//EN"
    "http://www.w3.org/TR/xhtml1/DTD/xhtml1-transitional.dtd">
<html xmlns="http://www.w3.org/1999/xhtml" xml:lang="en" lang="en">
 <head>
  <title>
</title>
<meta http-equiv="Content-Type" content="text/html;charset=utf-8" />
  <meta name='ocr-system' content='tesseract 3.04.00' />
  <meta name='ocr-capabilities' content='ocr_page ocr_carea ocr_par ocr_line ocrx_word'/>
</head>
<body>
  <div class='ocr_page' id='page_1' title='image "./csuetonitranqui01suetgoog_0180.png"; bbox 0 0 2286 3944; ppageno 0'>
   <div class='ocr_carea' id='block_1_1' title="bbox 265 191 1025 258">
    <p class='ocr_par' dir='ltr' id='par_1_1' title="bbox 265 191 1025 258">
     <span class='ocr_line' id='line_1_1' title="bbox 265 191 1025 258; baseline 0.005 -10"><span class='ocrx_word' id='word_1_1' title='bbox 265 221 272 258; x_wconf 50' lang='lat' dir='ltr'><strong>r</strong></span> <span class='ocrx_word' id='word_1_2' title='bbox 359 201 462 249; x_wconf 85' lang='lat' dir='ltr'><strong>nrvus</strong></span> <span class='ocrx_word' id='word_1_3' title='bbox 479 200 667 249; x_wconf 74' lang='lat' dir='ltr'><strong>succesus,</strong></span> <span class='ocrx_word' id='word_1_4' title='bbox 987 191 1025 252; x_wconf 85' lang='lat'><strong>71</strong></span> 
     </span>
    </p>
   </div>
   <div class='ocr_carea' id='block_1_2' title="bbox 94 354 1068 3285">
    <p class='ocr_par' dir='ltr' id='par_1_2' title="bbox 94 354 1068 2612">
     <span class='ocr_line' id='line_1_2' title="bbox 96 354 1027 435; baseline 0.002 -21"><span class='ocrx_word' id='word_1_5' title='bbox 96 373 134 414; x_wconf 90' lang='lat' dir='ltr'><strong>nc</strong></span> <span class='ocrx_word' id='word_1_6' title='bbox 148 372 290 416; x_wconf 88' lang='lat' dir='ltr'><strong>marmore</strong></span> <span class='ocrx_word' id='word_1_7' title='bbox 306 354 366 414; x_wconf 92' lang='lat' dir='ltr'><strong>ullo</strong></span> <span class='ocrx_word' id='word_1_8' title='bbox 380 364 428 414; x_wconf 90' lang='lat' dir='ltr'><strong>aut</strong></span> <span class='ocrx_word' id='word_1_9' title='bbox 440 355 544 432; x_wconf 83' lang='lat' dir='ltr'><strong>insigni</strong></span> <span class='ocrx_word' id='word_1_10' title='bbox 557 357 720 433; x_wconf 90' lang='lat' dir='ltr'><strong>pavimento</strong></span> <span class='ocrx_word' id='word_1_11' title='bbox 737 357 895 418; x_wconf 91' lang='lat' dir='ltr'><strong>conclavia.</strong></span> <span class='ocrx_word' id='word_1_12' title='bbox 912 355 959 415; x_wconf 85' lang='lat' dir='ltr'><strong>Ac</strong></span> <span class='ocrx_word' id='word_1_13' title='bbox 974 375 1027 435; x_wconf 92' lang='lat' dir='ltr'><strong>per</strong></span> 
     </span>
     <span class='ocr_line' id='line_1_3' title="bbox 94 439 1027 518; baseline 0 -20"><span class='ocrx_word' id='word_1_14' title='bbox 94 458 118 498; x_wconf 79' lang='lat' dir='ltr'><strong>ts</strong></span> <span class='ocrx_word' id='word_1_15' title='bbox 136 439 257 518; x_wconf 89' lang='lat' dir='ltr'><strong>amplius</strong></span> <span class='ocrx_word' id='word_1_16' title='bbox 275 439 463 518; x_wconf 90' lang='lat' dir='ltr'><strong>quadraginta</strong></span> <span class='ocrx_word' id='word_1_17' title='bbox 483 439 585 498; x_wconf 92' lang='lat' dir='ltr'><strong>eodem</strong></span> <span class='ocrx_word' id='word_1_18' title='bbox 604 439 738 498; x_wconf 91' lang='lat' dir='ltr'><strong>cubiculo</strong></span> <span class='ocrx_word' id='word_1_19' title='bbox 757 441 850 499; x_wconf 90' lang='lat' dir='ltr'><strong>hieme</strong></span> <span class='ocrx_word' id='word_1_20' title='bbox 869 449 898 500; x_wconf 92' lang='lat' dir='ltr'><strong>et</strong></span> <span class='ocrx_word' id='word_1_21' title='bbox 916 449 1027 500; x_wconf 80' lang='lat' dir='ltr'><strong>aestate</strong></span> 
     </span>
     <span class='ocr_line' id='line_1_4' title="bbox 94 522 1026 602; baseline 0 -20"><span class='ocrx_word' id='word_1_22' title='bbox 94 525 140 600; x_wconf 90' lang='lat' dir='ltr'><strong>sit,</strong></span> <span class='ocrx_word' id='word_1_23' title='bbox 157 524 285 602; x_wconf 89' lang='lat' dir='ltr'><strong>quamvis</strong></span> <span class='ocrx_word' id='word_1_24' title='bbox 302 541 401 601; x_wconf 93' lang='lat' dir='ltr'><strong>parum</strong></span> <span class='ocrx_word' id='word_1_25' title='bbox 413 522 557 581; x_wconf 83' lang='lat' dir='ltr'><strong>salubrem</strong></span> <span class='ocrx_word' id='word_1_26' title='bbox 573 522 720 581; x_wconf 88' lang='lat' dir='ltr'><strong>valitudini</strong></span> <span class='ocrx_word' id='word_1_27' title='bbox 736 541 804 582; x_wconf 85' lang='lat' dir='ltr'><strong>suae</strong></span> <span class='ocrx_word' id='word_1_28' title='bbox 821 524 921 584; x_wconf 89' lang='lat' dir='ltr'><strong>urbem</strong></span> <span class='ocrx_word' id='word_1_29' title='bbox 932 523 1026 583; x_wconf 92' lang='lat' dir='ltr'><strong>bieme</strong></span> 
     </span>
     <span class='ocr_line' id='line_1_5' title="bbox 94 606 1027 686; baseline 0 -20"><span class='ocrx_word' id='word_1_30' title='bbox 94 608 224 684; x_wconf 74' lang='lat' dir='ltr'><strong>eriretur,</strong></span> <span class='ocrx_word' id='word_1_31' title='bbox 248 607 419 684; x_wconf 81' lang='lat' dir='ltr'><strong>assidueque</strong></span> <span class='ocrx_word' id='word_1_32' title='bbox 442 607 471 664; x_wconf 92' lang='lat' dir='ltr'><strong>in</strong></span> <span class='ocrx_word' id='word_1_33' title='bbox 490 606 562 665; x_wconf 87' lang='lat' dir='ltr'><strong>urbe</strong></span> <span class='ocrx_word' id='word_1_34' title='bbox 584 606 733 667; x_wconf 86' lang='lat' dir='ltr'><strong>hiemaret.</strong></span> <span class='ocrx_word' id='word_1_35' title='bbox 769 608 933 686; x_wconf 88' lang='lat' dir='ltr'><strong>Siquando</strong></span> <span class='ocrx_word' id='word_1_36' title='bbox 960 608 1027 686; x_wconf 94' lang='lat' dir='ltr'><strong>quid</strong></span> 
     </span>
     <span class='ocr_line' id='line_1_6' title="bbox 95 690 1027 768; baseline -0.001 -17"><span class='ocrx_word' id='word_1_37' title='bbox 95 700 145 751; x_wconf 91' lang='lat' dir='ltr'><strong>eto</strong></span> <span class='ocrx_word' id='word_1_38' title='bbox 167 699 213 751; x_wconf 90' lang='lat' dir='ltr'><strong>aut</strong></span> <span class='ocrx_word' id='word_1_39' title='bbox 229 691 291 749; x_wconf 90' lang='lat' dir='ltr'><strong>sine</strong></span> <span class='ocrx_word' id='word_1_40' title='bbox 309 690 544 768; x_wconf 81' lang='lat' dir='ltr'><strong>interpellatione</strong></span> <span class='ocrx_word' id='word_1_41' title='bbox 560 707 650 765; x_wconf 90' lang='lat' dir='ltr'><strong>agere</strong></span> <span class='ocrx_word' id='word_1_42' title='bbox 665 693 883 768; x_wconf 83' lang='lat' dir='ltr'><strong>proposuisset,</strong></span> <span class='ocrx_word' id='word_1_43' title='bbox 907 701 968 750; x_wconf 90' lang='lat' dir='ltr'><strong>erat</strong></span> <span class='ocrx_word' id='word_1_44' title='bbox 985 692 1027 750; x_wconf 97' lang='lat' dir='ltr'><strong>illi</strong></span> 
     </span>
     <span class='ocr_line' id='line_1_7' title="bbox 96 774 1027 852; baseline -0.001 -18"><span class='ocrx_word' id='word_1_45' title='bbox 96 794 109 834; x_wconf 96' lang='lat' dir='ltr'><strong>s</strong></span> <span class='ocrx_word' id='word_1_46' title='bbox 134 777 163 834; x_wconf 96' lang='lat' dir='ltr'><strong>in</strong></span> <span class='ocrx_word' id='word_1_47' title='bbox 183 774 261 833; x_wconf 86' lang='lat' dir='ltr'><strong>edito</strong></span> <span class='ocrx_word' id='word_1_48' title='bbox 286 774 456 850; x_wconf 89' lang='lat' dir='ltr'><strong>singularis,</strong></span> <span class='ocrx_word' id='word_1_49' title='bbox 482 791 566 852; x_wconf 89' lang='lat' dir='ltr'><strong>quem</strong></span> <span class='ocrx_word' id='word_1_50' title='bbox 589 774 749 847; x_wconf 74' lang='lat' dir='ltr'><strong>Syracusas</strong></span> <span class='ocrx_word' id='word_1_51' title='bbox 772 783 800 833; x_wconf 91' lang='lat' dir='ltr'><strong>et</strong></span> <span class='ocrx_word' id='word_1_52' title='bbox 821 775 1027 852; x_wconf 76' lang='lat' dir='ltr'><strong>technopbyon</strong></span> 
     </span>
     <span class='ocr_line' id='line_1_8' title="bbox 94 857 1024 934; baseline -0.002 -15"><span class='ocrx_word' id='word_1_53' title='bbox 94 858 164 919; x_wconf 79' lang='lat' dir='ltr'><strong>ibat:</strong></span> <span class='ocrx_word' id='word_1_54' title='bbox 177 859 233 918; x_wconf 92' lang='lat' dir='ltr'><strong>huc</strong></span> <span class='ocrx_word' id='word_1_55' title='bbox 245 857 393 934; x_wconf 92' lang='lat' dir='ltr'><strong>transibat,</strong></span> <span class='ocrx_word' id='word_1_56' title='bbox 407 867 454 917; x_wconf 90' lang='lat' dir='ltr'><strong>aut</strong></span> <span class='ocrx_word' id='word_1_57' title='bbox 466 859 494 915; x_wconf 96' lang='lat' dir='ltr'><strong>in</strong></span> <span class='ocrx_word' id='word_1_58' title='bbox 506 857 624 916; x_wconf 90' lang='lat' dir='ltr'><strong>alicuius</strong></span> <span class='ocrx_word' id='word_1_59' title='bbox 638 857 807 918; x_wconf 92' lang='lat' dir='ltr'><strong>libertorum</strong></span> <span class='ocrx_word' id='word_1_60' title='bbox 819 857 1024 927; x_wconf 67' lang='lat' dir='ltr'><strong>suburbanum</strong></span> 
     </span>
     <span class='ocr_line' id='line_1_9' title="bbox 94 941 1026 1002; baseline -0.002 0"><span class='ocrx_word' id='word_1_61' title='bbox 94 962 117 1002; x_wconf 75' lang='lat' dir='ltr'><strong>tr</strong></span> <span class='ocrx_word' id='word_1_62' title='bbox 143 951 237 1002; x_wconf 89' lang='lat' dir='ltr'><strong>autem</strong></span> <span class='ocrx_word' id='word_1_63' title='bbox 261 943 289 1000; x_wconf 96' lang='lat' dir='ltr'><strong>in</strong></span> <span class='ocrx_word' id='word_1_64' title='bbox 316 941 400 1000; x_wconf 95' lang='lat' dir='ltr'><strong>domo</strong></span> <span class='ocrx_word' id='word_1_65' title='bbox 423 941 598 1000; x_wconf 85' lang='lat' dir='ltr'><strong>Maecenatis</strong></span> <span class='ocrx_word' id='word_1_66' title='bbox 623 941 754 1000; x_wconf 80' lang='lat' dir='ltr'><strong>cubabat.</strong></span> <span class='ocrx_word' id='word_1_67' title='bbox 792 941 839 1000; x_wconf 86' lang='lat' dir='ltr'><strong>Ex</strong></span> <span class='ocrx_word' id='word_1_68' title='bbox 859 942 1026 1000; x_wconf 91' lang='lat' dir='ltr'><strong>secessibus</strong></span> 
     </span>
     <span class='ocr_line' id='line_1_10' title="bbox 94 1023 1027 1104; baseline 0.003 -24"><span class='ocrx_word' id='word_1_69' title='bbox 94 1027 184 1104; x_wconf 61' lang='lat' dir='ltr'><strong>:cipue</strong></span> <span class='ocrx_word' id='word_1_70' title='bbox 203 1027 398 1104; x_wconf 77' lang='lat' dir='ltr'><strong>frequentavit</strong></span> <span class='ocrx_word' id='word_1_71' title='bbox 418 1025 555 1083; x_wconf 91' lang='lat' dir='ltr'><strong>maritima</strong></span> <span class='ocrx_word' id='word_1_72' title='bbox 575 1025 741 1103; x_wconf 90' lang='lat' dir='ltr'><strong>insulasque</strong></span> <span class='ocrx_word' id='word_1_73' title='bbox 765 1023 956 1104; x_wconf 78' lang='lat' dir='ltr'><strong>Campaniae,</strong></span> <span class='ocrx_word' id='word_1_74' title='bbox 980 1033 1027 1085; x_wconf 90' lang='lat' dir='ltr'><strong>aut</strong></span> 
     </span>
     <span class='ocr_line' id='line_1_11' title="bbox 94 1108 1027 1188; baseline 0 -20"><span class='ocrx_word' id='word_1_75' title='bbox 94 1112 157 1169; x_wconf 85' lang='lat' dir='ltr'><strong>rima</strong></span> <span class='ocrx_word' id='word_1_76' title='bbox 173 1109 236 1168; x_wconf 92' lang='lat' dir='ltr'><strong>urbi</strong></span> <span class='ocrx_word' id='word_1_77' title='bbox 253 1109 374 1188; x_wconf 89' lang='lat' dir='ltr'><strong>oppida,</strong></span> <span class='ocrx_word' id='word_1_78' title='bbox 390 1108 553 1184; x_wconf 86' lang='lat' dir='ltr'><strong>Lanuvium,</strong></span> <span class='ocrx_word' id='word_1_79' title='bbox 567 1108 741 1184; x_wconf 82' lang='lat' dir='ltr'><strong>Praeneste,</strong></span> <span class='ocrx_word' id='word_1_80' title='bbox 757 1108 862 1185; x_wconf 86' lang='lat' dir='ltr'><strong>Tibur,</strong></span> <span class='ocrx_word' id='word_1_81' title='bbox 879 1109 926 1168; x_wconf 91' lang='lat' dir='ltr'><strong>ubi</strong></span> <span class='ocrx_word' id='word_1_82' title='bbox 942 1111 1027 1168; x_wconf 89' lang='lat' dir='ltr'><strong>etiam</strong></span> 
     </span>
     <span class='ocr_line' id='line_1_12' title="bbox 97 1192 1027 1270; baseline -0.001 -18"><span class='ocrx_word' id='word_1_83' title='bbox 97 1194 236 1253; x_wconf 91' lang='lat' dir='ltr'><strong>orticibus</strong></span> <span class='ocrx_word' id='word_1_84' title='bbox 255 1193 391 1252; x_wconf 90' lang='lat' dir='ltr'><strong>Herculis</strong></span> <span class='ocrx_word' id='word_1_85' title='bbox 415 1193 512 1270; x_wconf 94' lang='lat' dir='ltr'><strong>templi</strong></span> <span class='ocrx_word' id='word_1_86' title='bbox 536 1210 680 1270; x_wconf 90' lang='lat' dir='ltr'><strong>persaepe</strong></span> <span class='ocrx_word' id='word_1_87' title='bbox 702 1194 746 1250; x_wconf 94' lang='lat' dir='ltr'><strong>ius</strong></span> <span class='ocrx_word' id='word_1_88' title='bbox 763 1193 842 1251; x_wconf 84' lang='lat' dir='ltr'><strong>dixit.</strong></span> <span class='ocrx_word' id='word_1_89' title='bbox 873 1192 978 1270; x_wconf 84' lang='lat' dir='ltr'><strong>Ampla</strong></span> <span class='ocrx_word' id='word_1_90' title='bbox 998 1201 1027 1251; x_wconf 88' lang='lat' dir='ltr'><strong>et</strong></span> 
     </span>
     <span class='ocr_line' id='line_1_13' title="bbox 94 1275 1025 1355; baseline -0.001 -19"><span class='ocrx_word' id='word_1_91' title='bbox 94 1295 152 1338; x_wconf 68' lang='lat' dir='ltr'><strong>*osa</strong></span> <span class='ocrx_word' id='word_1_92' title='bbox 174 1279 319 1355; x_wconf 90' lang='lat' dir='ltr'><strong>praetoria</strong></span> <span class='ocrx_word' id='word_1_93' title='bbox 334 1276 518 1353; x_wconf 89' lang='lat' dir='ltr'><strong>gravabatur.</strong></span> <span class='ocrx_word' id='word_1_94' title='bbox 549 1275 586 1334; x_wconf 85' lang='lat' dir='ltr'><strong>Et</strong></span> <span class='ocrx_word' id='word_1_95' title='bbox 601 1277 696 1354; x_wconf 90' lang='lat' dir='ltr'><strong>neptis</strong></span> <span class='ocrx_word' id='word_1_96' title='bbox 712 1276 826 1354; x_wconf 92' lang='lat' dir='ltr'><strong>quidem</strong></span> <span class='ocrx_word' id='word_1_97' title='bbox 841 1295 910 1336; x_wconf 92' lang='lat' dir='ltr'><strong>suae</strong></span> <span class='ocrx_word' id='word_1_98' title='bbox 925 1277 1025 1353; x_wconf 92' lang='lat' dir='ltr'><strong>luliae,</strong></span> 
     </span>
     <span class='ocr_line' id='line_1_14' title="bbox 94 1359 1023 1437; baseline -0.001 -18"><span class='ocrx_word' id='word_1_99' title='bbox 94 1379 144 1420; x_wconf 91' lang='lat' dir='ltr'><strong>use</strong></span> <span class='ocrx_word' id='word_1_100' title='bbox 170 1360 204 1420; x_wconf 92' lang='lat' dir='ltr'><strong>ab</strong></span> <span class='ocrx_word' id='word_1_101' title='bbox 231 1379 265 1420; x_wconf 90' lang='lat' dir='ltr'><strong>ea</strong></span> <span class='ocrx_word' id='word_1_102' title='bbox 287 1368 435 1437; x_wconf 85' lang='lat' dir='ltr'><strong>extructa,</strong></span> <span class='ocrx_word' id='word_1_103' title='bbox 464 1361 547 1419; x_wconf 91' lang='lat' dir='ltr'><strong>etiam</strong></span> <span class='ocrx_word' id='word_1_104' title='bbox 573 1359 656 1418; x_wconf 89' lang='lat' dir='ltr'><strong>diruit</strong></span> <span class='ocrx_word' id='word_1_105' title='bbox 684 1359 719 1419; x_wconf 92' lang='lat' dir='ltr'><strong>ad</strong></span> <span class='ocrx_word' id='word_1_106' title='bbox 741 1360 851 1435; x_wconf 91' lang='lat' dir='ltr'><strong>solum,</strong></span> <span class='ocrx_word' id='word_1_107' title='bbox 881 1379 931 1420; x_wconf 92' lang='lat' dir='ltr'><strong>sua</strong></span> <span class='ocrx_word' id='word_1_108' title='bbox 953 1377 1023 1419; x_wconf 91' lang='lat' dir='ltr'><strong>vero</strong></span> 
     </span>
     <span class='ocr_line' id='line_1_15' title="bbox 94 1443 1024 1523; baseline -0.001 -21"><span class='ocrx_word' id='word_1_109' title='bbox 94 1447 153 1504; x_wconf 93' lang='lat' dir='ltr'><strong>nvis</strong></span> <span class='ocrx_word' id='word_1_110' title='bbox 175 1444 288 1504; x_wconf 90' lang='lat' dir='ltr'><strong>modica</strong></span> <span class='ocrx_word' id='word_1_111' title='bbox 310 1461 368 1503; x_wconf 90' lang='lat' dir='ltr'><strong>non</strong></span> <span class='ocrx_word' id='word_1_112' title='bbox 390 1453 445 1503; x_wconf 91' lang='lat' dir='ltr'><strong>tam</strong></span> <span class='ocrx_word' id='word_1_113' title='bbox 470 1453 624 1503; x_wconf 90' lang='lat' dir='ltr'><strong>statuarum</strong></span> <span class='ocrx_word' id='word_1_114' title='bbox 647 1443 862 1522; x_wconf 89' lang='lat' dir='ltr'><strong>tabularumque</strong></span> <span class='ocrx_word' id='word_1_115' title='bbox 885 1446 1024 1523; x_wconf 91' lang='lat' dir='ltr'><strong>pictarum</strong></span> 
     </span>
     <span class='ocr_line' id='line_1_16' title="bbox 94 1527 1024 1607; baseline -0.001 -20"><span class='ocrx_word' id='word_1_116' title='bbox 94 1537 135 1604; x_wconf 89' lang='lat' dir='ltr'><strong>tu,</strong></span> <span class='ocrx_word' id='word_1_117' title='bbox 152 1547 235 1607; x_wconf 92' lang='lat' dir='ltr'><strong>quam</strong></span> <span class='ocrx_word' id='word_1_118' title='bbox 251 1530 344 1603; x_wconf 75' lang='lat' dir='ltr'><strong>xystis</strong></span> <span class='ocrx_word' id='word_1_119' title='bbox 361 1537 390 1586; x_wconf 92' lang='lat' dir='ltr'><strong>et</strong></span> <span class='ocrx_word' id='word_1_120' title='bbox 404 1528 568 1587; x_wconf 90' lang='lat' dir='ltr'><strong>nemoribus</strong></span> <span class='ocrx_word' id='word_1_121' title='bbox 582 1527 710 1586; x_wconf 83' lang='lat' dir='ltr'><strong>excoluit</strong></span> <span class='ocrx_word' id='word_1_122' title='bbox 721 1527 866 1607; x_wconf 87' lang='lat' dir='ltr'><strong>rebusque</strong></span> <span class='ocrx_word' id='word_1_123' title='bbox 879 1537 1024 1588; x_wconf 89' lang='lat' dir='ltr'><strong>vetustate</strong></span> 
     </span>
     <span class='ocr_line' id='line_1_17' title="bbox 94 1610 1023 1691; baseline 0.003 -20"><span class='ocrx_word' id='word_1_124' title='bbox 94 1613 190 1671; x_wconf 88' lang='lat' dir='ltr'><strong>aritate</strong></span> <span class='ocrx_word' id='word_1_125' title='bbox 206 1612 395 1672; x_wconf 89' lang='lat' dir='ltr'><strong>notabilibus:</strong></span> <span class='ocrx_word' id='word_1_126' title='bbox 412 1612 506 1691; x_wconf 91' lang='lat' dir='ltr'><strong>qualia</strong></span> <span class='ocrx_word' id='word_1_127' title='bbox 523 1621 587 1670; x_wconf 88' lang='lat' dir='ltr'><strong>sunt</strong></span> <span class='ocrx_word' id='word_1_128' title='bbox 603 1610 724 1690; x_wconf 86' lang='lat' dir='ltr'><strong>Capreis</strong></span> <span class='ocrx_word' id='word_1_129' title='bbox 741 1614 900 1672; x_wconf 89' lang='lat' dir='ltr'><strong>immanium</strong></span> <span class='ocrx_word' id='word_1_130' title='bbox 914 1612 1023 1675; x_wconf 89' lang='lat' dir='ltr'><strong>bellua·</strong></span> 
     </span>
     <span class='ocr_line' id='line_1_18' title="bbox 104 1695 1024 1776; baseline 0.003 -22"><span class='ocrx_word' id='word_1_131' title='bbox 104 1696 286 1774; x_wconf 83' lang='lat' dir='ltr'><strong>ferarumque</strong></span> <span class='ocrx_word' id='word_1_132' title='bbox 303 1695 430 1757; x_wconf 92' lang='lat' dir='ltr'><strong>membra</strong></span> <span class='ocrx_word' id='word_1_133' title='bbox 454 1696 661 1775; x_wconf 86' lang='lat' dir='ltr'><strong>praegrandia,</strong></span> <span class='ocrx_word' id='word_1_134' title='bbox 685 1714 758 1774; x_wconf 87' lang='lat' dir='ltr'><strong>quae</strong></span> <span class='ocrx_word' id='word_1_135' title='bbox 773 1696 904 1757; x_wconf 88' lang='lat' dir='ltr'><strong>dicuntur</strong></span> <span class='ocrx_word' id='word_1_136' title='bbox 920 1695 1024 1776; x_wconf 80' lang='lat' dir='ltr'><strong>Gigan-</strong></span> 
     </span>
     <span class='ocr_line' id='line_1_19' title="bbox 105 1780 1068 1862; baseline 0.003 -24"><span class='ocrx_word' id='word_1_137' title='bbox 105 1797 171 1840; x_wconf 91' lang='lat' dir='ltr'><strong>ossa</strong></span> <span class='ocrx_word' id='word_1_138' title='bbox 193 1789 222 1838; x_wconf 93' lang='lat' dir='ltr'><strong>et</strong></span> <span class='ocrx_word' id='word_1_139' title='bbox 236 1798 313 1839; x_wconf 89' lang='lat' dir='ltr'><strong>arma</strong></span> <span class='ocrx_word' id='word_1_140' title='bbox 326 1781 461 1839; x_wconf 90' lang='lat' dir='ltr'><strong>Heroum.</strong></span> <span class='ocrx_word' id='word_1_141' title='bbox 489 1780 672 1838; x_wconf 89' lang='lat' dir='ltr'><strong>Instrumenti</strong></span> <span class='ocrx_word' id='word_1_142' title='bbox 694 1782 756 1838; x_wconf 90' lang='lat' dir='ltr'><strong>eius</strong></span> <span class='ocrx_word' id='word_1_143' title='bbox 779 1788 807 1838; x_wconf 92' lang='lat' dir='ltr'><strong>et</strong></span> <span class='ocrx_word' id='word_1_144' title='bbox 830 1783 1068 1862; x_wconf 75' lang='lat' dir='ltr'><strong>supellectilista</strong></span> 
     </span>
     <span class='ocr_line' id='line_1_20' title="bbox 94 1863 1023 1944; baseline 0.002 -22"><span class='ocrx_word' id='word_1_145' title='bbox 94 1865 197 1923; x_wconf 92' lang='lat' dir='ltr'><strong>imonia</strong></span> <span class='ocrx_word' id='word_1_146' title='bbox 217 1874 339 1942; x_wconf 90' lang='lat' dir='ltr'><strong>apparet</strong></span> <span class='ocrx_word' id='word_1_147' title='bbox 362 1866 447 1924; x_wconf 88' lang='lat' dir='ltr'><strong>etiam</strong></span> <span class='ocrx_word' id='word_1_148' title='bbox 470 1882 545 1922; x_wconf 93' lang='lat' dir='ltr'><strong>nunc</strong></span> <span class='ocrx_word' id='word_1_149' title='bbox 561 1863 685 1923; x_wconf 92' lang='lat' dir='ltr'><strong>residuis</strong></span> <span class='ocrx_word' id='word_1_150' title='bbox 701 1863 787 1924; x_wconf 91' lang='lat' dir='ltr'><strong>lectis</strong></span> <span class='ocrx_word' id='word_1_151' title='bbox 806 1876 891 1944; x_wconf 91' lang='lat' dir='ltr'><strong>atque</strong></span> <span class='ocrx_word' id='word_1_152' title='bbox 907 1868 1023 1942; x_wconf 92' lang='lat' dir='ltr'><strong>mensis,</strong></span> 
     </span>
     <span class='ocr_line' id='line_1_21' title="bbox 94 1947 1024 2027; baseline 0.001 -22"><span class='ocrx_word' id='word_1_153' title='bbox 94 1965 144 2005; x_wconf 93' lang='lat' dir='ltr'><strong>um</strong></span> <span class='ocrx_word' id='word_1_154' title='bbox 164 1948 305 2025; x_wconf 87' lang='lat' dir='ltr'><strong>pleraque</strong></span> <span class='ocrx_word' id='word_1_155' title='bbox 329 1950 378 2006; x_wconf 85' lang='lat' dir='ltr'><strong>vix</strong></span> <span class='ocrx_word' id='word_1_156' title='bbox 401 1949 531 2026; x_wconf 91' lang='lat' dir='ltr'><strong>privatae</strong></span> <span class='ocrx_word' id='word_1_157' title='bbox 548 1947 710 2023; x_wconf 82' lang='lat' dir='ltr'><strong>elegantiae</strong></span> <span class='ocrx_word' id='word_1_158' title='bbox 726 1947 791 2008; x_wconf 88' lang='lat' dir='ltr'><strong>sint.</strong></span> <span class='ocrx_word' id='word_1_159' title='bbox 822 1950 867 2009; x_wconf 90' lang='lat' dir='ltr'><strong>Ne</strong></span> <span class='ocrx_word' id='word_1_160' title='bbox 883 1959 949 2009; x_wconf 90' lang='lat' dir='ltr'><strong>toro</strong></span> <span class='ocrx_word' id='word_1_161' title='bbox 966 1951 1024 2027; x_wconf 94' lang='lat' dir='ltr'><strong>qui-</strong></span> 
     </span>
     <span class='ocr_line' id='line_1_22' title="bbox 105 2031 1026 2092; baseline 0.001 -3"><span class='ocrx_word' id='word_1_162' title='bbox 105 2031 237 2090; x_wconf 90' lang='lat' dir='ltr'><strong>cubuisse</strong></span> <span class='ocrx_word' id='word_1_163' title='bbox 254 2033 331 2091; x_wconf 91' lang='lat' dir='ltr'><strong>aiunt</strong></span> <span class='ocrx_word' id='word_1_164' title='bbox 344 2032 399 2090; x_wconf 92' lang='lat' dir='ltr'><strong>nisi</strong></span> <span class='ocrx_word' id='word_1_165' title='bbox 416 2032 512 2090; x_wconf 92' lang='lat' dir='ltr'><strong>humili</strong></span> <span class='ocrx_word' id='word_1_166' title='bbox 529 2040 558 2089; x_wconf 93' lang='lat' dir='ltr'><strong>et</strong></span> <span class='ocrx_word' id='word_1_167' title='bbox 573 2031 688 2090; x_wconf 90' lang='lat' dir='ltr'><strong>modice</strong></span> <span class='ocrx_word' id='word_1_168' title='bbox 702 2033 832 2092; x_wconf 89' lang='lat' dir='ltr'><strong>instrato.</strong></span> <span class='ocrx_word' id='word_1_169' title='bbox 864 2034 956 2092; x_wconf 91' lang='lat' dir='ltr'><strong>Veste</strong></span> <span class='ocrx_word' id='word_1_170' title='bbox 968 2049 1026 2090; x_wconf 94' lang='lat' dir='ltr'><strong>non</strong></span> 
     </span>
     <span class='ocr_line' id='line_1_23' title="bbox 94 2114 1026 2193; baseline 0.001 -21"><span class='ocrx_word' id='word_1_171' title='bbox 94 2133 134 2173; x_wconf 73' lang='lat' dir='ltr'><strong>ere</strong></span> <span class='ocrx_word' id='word_1_172' title='bbox 157 2115 212 2175; x_wconf 89' lang='lat' dir='ltr'><strong>alia</strong></span> <span class='ocrx_word' id='word_1_173' title='bbox 229 2133 312 2193; x_wconf 91' lang='lat' dir='ltr'><strong>quam</strong></span> <span class='ocrx_word' id='word_1_174' title='bbox 329 2115 488 2174; x_wconf 88' lang='lat' dir='ltr'><strong>domestica</strong></span> <span class='ocrx_word' id='word_1_175' title='bbox 502 2133 571 2172; x_wconf 95' lang='lat' dir='ltr'><strong>usus</strong></span> <span class='ocrx_word' id='word_1_176' title='bbox 586 2123 646 2191; x_wconf 91' lang='lat' dir='ltr'><strong>est,</strong></span> <span class='ocrx_word' id='word_1_177' title='bbox 670 2114 705 2174; x_wconf 92' lang='lat' dir='ltr'><strong>ab</strong></span> <span class='ocrx_word' id='word_1_178' title='bbox 722 2133 826 2174; x_wconf 91' lang='lat' dir='ltr'><strong>sorore</strong></span> <span class='ocrx_word' id='word_1_179' title='bbox 845 2125 874 2174; x_wconf 93' lang='lat' dir='ltr'><strong>et</strong></span> <span class='ocrx_word' id='word_1_180' title='bbox 889 2133 981 2174; x_wconf 86' lang='lat' dir='ltr'><strong>uxore</strong></span> <span class='ocrx_word' id='word_1_181' title='bbox 997 2123 1026 2173; x_wconf 90' lang='lat' dir='ltr'><strong>et</strong></span> 
     </span>
     <span class='ocr_line' id='line_1_24' title="bbox 98 2199 1025 2277; baseline 0.002 -21"><span class='ocrx_word' id='word_1_182' title='bbox 98 2199 289 2277; x_wconf 91' lang='lat' dir='ltr'><strong>neptibusque</strong></span> <span class='ocrx_word' id='word_1_183' title='bbox 307 2200 457 2268; x_wconf 89' lang='lat' dir='ltr'><strong>conlecta;</strong></span> <span class='ocrx_word' id='word_1_184' title='bbox 474 2199 554 2274; x_wconf 92' lang='lat' dir='ltr'><strong>togis</strong></span> <span class='ocrx_word' id='word_1_185' title='bbox 565 2216 660 2276; x_wconf 91' lang='lat' dir='ltr'><strong>neque</strong></span> <span class='ocrx_word' id='word_1_186' title='bbox 672 2200 816 2258; x_wconf 87' lang='lat' dir='ltr'><strong>restrictis</strong></span> <span class='ocrx_word' id='word_1_187' title='bbox 831 2218 926 2277; x_wconf 94' lang='lat' dir='ltr'><strong>neque</strong></span> <span class='ocrx_word' id='word_1_188' title='bbox 942 2200 1025 2275; x_wconf 86' lang='lat' dir='ltr'><strong>lusis,</strong></span> 
     </span>
     <span class='ocr_line' id='line_1_25' title="bbox 94 2282 1013 2362; baseline 0.002 -22"><span class='ocrx_word' id='word_1_189' title='bbox 94 2299 180 2340; x_wconf 90' lang='lat' dir='ltr'><strong>onec</strong></span> <span class='ocrx_word' id='word_1_190' title='bbox 197 2282 255 2342; x_wconf 89' lang='lat' dir='ltr'><strong>lato</strong></span> <span class='ocrx_word' id='word_1_191' title='bbox 270 2301 326 2342; x_wconf 92' lang='lat' dir='ltr'><strong>nec</strong></span> <span class='ocrx_word' id='word_1_192' title='bbox 341 2292 481 2360; x_wconf 90' lang='lat' dir='ltr'><strong>angusto,</strong></span> <span class='ocrx_word' id='word_1_193' title='bbox 504 2282 699 2342; x_wconf 88' lang='lat' dir='ltr'><strong>calciamentis</strong></span> <span class='ocrx_word' id='word_1_194' title='bbox 717 2283 892 2360; x_wconf 92' lang='lat' dir='ltr'><strong>altiusculis,</strong></span> <span class='ocrx_word' id='word_1_195' title='bbox 913 2292 943 2342; x_wconf 93' lang='lat' dir='ltr'><strong>ut</strong></span> <span class='ocrx_word' id='word_1_196' title='bbox 957 2300 1013 2362; x_wconf 94' lang='lat' dir='ltr'><strong>pro</strong></span> 
     </span>
     <span class='ocr_line' id='line_1_26' title="bbox 94 2365 1025 2444; baseline 0.002 -20"><span class='ocrx_word' id='word_1_197' title='bbox 94 2383 122 2424; x_wconf 88' lang='lat' dir='ltr'><strong>nr</strong></span> <span class='ocrx_word' id='word_1_198' title='bbox 144 2384 228 2444; x_wconf 91' lang='lat' dir='ltr'><strong>quam</strong></span> <span class='ocrx_word' id='word_1_199' title='bbox 251 2376 314 2427; x_wconf 90' lang='lat' dir='ltr'><strong>erat</strong></span> <span class='ocrx_word' id='word_1_200' title='bbox 335 2367 492 2426; x_wconf 87' lang='lat' dir='ltr'><strong>videretur.</strong></span> <span class='ocrx_word' id='word_1_201' title='bbox 529 2365 567 2426; x_wconf 87' lang='lat' dir='ltr'><strong>Et</strong></span> <span class='ocrx_word' id='word_1_202' title='bbox 588 2367 717 2425; x_wconf 88' lang='lat' dir='ltr'><strong>forensia</strong></span> <span class='ocrx_word' id='word_1_203' title='bbox 738 2376 832 2426; x_wconf 89' lang='lat' dir='ltr'><strong>autem</strong></span> <span class='ocrx_word' id='word_1_204' title='bbox 851 2377 880 2426; x_wconf 93' lang='lat' dir='ltr'><strong>et</strong></span> <span class='ocrx_word' id='word_1_205' title='bbox 906 2367 1025 2427; x_wconf 88' lang='lat' dir='ltr'><strong>calceos</strong></span> 
     </span>
     <span class='ocr_line' id='line_1_27' title="bbox 94 2449 1012 2530; baseline 0.002 -22"><span class='ocrx_word' id='word_1_206' title='bbox 94 2467 175 2526; x_wconf 88' lang='lat' dir='ltr'><strong>quem</strong></span> <span class='ocrx_word' id='word_1_207' title='bbox 191 2467 249 2509; x_wconf 91' lang='lat' dir='ltr'><strong>non</strong></span> <span class='ocrx_word' id='word_1_208' title='bbox 269 2451 342 2510; x_wconf 93' lang='lat' dir='ltr'><strong>intra</strong></span> <span class='ocrx_word' id='word_1_209' title='bbox 364 2451 525 2511; x_wconf 89' lang='lat' dir='ltr'><strong>cubiculum</strong></span> <span class='ocrx_word' id='word_1_210' title='bbox 544 2449 643 2510; x_wconf 88' lang='lat' dir='ltr'><strong>habuit</strong></span> <span class='ocrx_word' id='word_1_211' title='bbox 663 2450 699 2510; x_wconf 88' lang='lat' dir='ltr'><strong>ad</strong></span> <span class='ocrx_word' id='word_1_212' title='bbox 714 2450 827 2510; x_wconf 90' lang='lat' dir='ltr'><strong>subitos</strong></span> <span class='ocrx_word' id='word_1_213' title='bbox 842 2453 1012 2530; x_wconf 91' lang='lat' dir='ltr'><strong>repentinos</strong></span> 
     </span>
     <span class='ocr_line' id='line_1_28' title="bbox 98 2543 308 2612; baseline 0 -20"><span class='ocrx_word' id='word_1_214' title='bbox 98 2553 183 2593; x_wconf 90' lang='lat' dir='ltr'><strong>casus</strong></span> <span class='ocrx_word' id='word_1_215' title='bbox 199 2543 308 2612; x_wconf 89' lang='lat' dir='ltr'><strong>parata.</strong></span> 
     </span>
    </p>

    <p class='ocr_par' dir='ltr' id='par_1_3' title="bbox 94 2615 1067 3285">
     <span class='ocr_line' id='line_1_29' title="bbox 94 2615 1067 2696; baseline 0.001 -21"><span class='ocrx_word' id='word_1_216' title='bbox 94 2618 280 2678; x_wconf 90' lang='lat' dir='ltr'><strong>onvivabatur</strong></span> <span class='ocrx_word' id='word_1_217' title='bbox 304 2617 419 2678; x_wconf 90' lang='lat' dir='ltr'><strong>assidue</strong></span> <span class='ocrx_word' id='word_1_218' title='bbox 446 2636 500 2677; x_wconf 87' lang='lat' dir='ltr'><strong>nec</strong></span> <span class='ocrx_word' id='word_1_219' title='bbox 522 2637 655 2696; x_wconf 90' lang='lat' dir='ltr'><strong>umquam</strong></span> <span class='ocrx_word' id='word_1_220' title='bbox 678 2621 732 2679; x_wconf 93' lang='lat' dir='ltr'><strong>nisi</strong></span> <span class='ocrx_word' id='word_1_221' title='bbox 753 2630 849 2695; x_wconf 87' lang='lat' dir='ltr'><strong>recta,</strong></span> <span class='ocrx_word' id='word_1_222' title='bbox 877 2637 935 2679; x_wconf 92' lang='lat' dir='ltr'><strong>non</strong></span> <span class='ocrx_word' id='word_1_223' title='bbox 962 2615 1067 2679; x_wconf 77' lang='lat' dir='ltr'><strong>sinstt</strong></span> 
     </span>
     <span class='ocr_line' id='line_1_30' title="bbox 94 2702 1024 2780; baseline 0.004 -21"><span class='ocrx_word' id='word_1_224' title='bbox 94 2718 128 2760; x_wconf 94' lang='lat' dir='ltr'><strong>no</strong></span> <span class='ocrx_word' id='word_1_225' title='bbox 151 2702 281 2761; x_wconf 91' lang='lat' dir='ltr'><strong>ordinum</strong></span> <span class='ocrx_word' id='word_1_226' title='bbox 302 2702 505 2780; x_wconf 93' lang='lat' dir='ltr'><strong>bominumque</strong></span> <span class='ocrx_word' id='word_1_227' title='bbox 528 2703 645 2763; x_wconf 90' lang='lat' dir='ltr'><strong>dilectu.</strong></span> <span class='ocrx_word' id='word_1_228' title='bbox 674 2704 811 2764; x_wconf 89' lang='lat' dir='ltr'><strong>Valerius</strong></span> <span class='ocrx_word' id='word_1_229' title='bbox 825 2703 952 2763; x_wconf 85' lang='lat' dir='ltr'><strong>Messala</strong></span> <span class='ocrx_word' id='word_1_230' title='bbox 967 2712 1024 2763; x_wconf 89' lang='lat' dir='ltr'><strong>tra·</strong></span> 
     </span>
     <span class='ocr_line' id='line_1_31' title="bbox 97 2786 1024 2865; baseline 0.001 -22"><span class='ocrx_word' id='word_1_231' title='bbox 97 2788 240 2845; x_wconf 91' lang='lat' dir='ltr'><strong>neminem</strong></span> <span class='ocrx_word' id='word_1_232' title='bbox 259 2804 391 2865; x_wconf 92' lang='lat' dir='ltr'><strong>umquam</strong></span> <span class='ocrx_word' id='word_1_233' title='bbox 413 2786 610 2847; x_wconf 88' lang='lat' dir='ltr'><strong>libertinorum</strong></span> <span class='ocrx_word' id='word_1_234' title='bbox 629 2787 783 2847; x_wconf 90' lang='lat' dir='ltr'><strong>adhibitum</strong></span> <span class='ocrx_word' id='word_1_235' title='bbox 803 2787 838 2847; x_wconf 94' lang='lat' dir='ltr'><strong>ab</strong></span> <span class='ocrx_word' id='word_1_236' title='bbox 862 2804 898 2846; x_wconf 92' lang='lat' dir='ltr'><strong>eo</strong></span> <span class='ocrx_word' id='word_1_237' title='bbox 916 2803 1024 2846; x_wconf 88' lang='lat' dir='ltr'><strong>caenae</strong></span> 
     </span>
     <span class='ocr_line' id='line_1_32' title="bbox 94 2869 1024 2950; baseline 0.002 -25"><span class='ocrx_word' id='word_1_238' title='bbox 94 2878 151 2947; x_wconf 60' lang='lat' dir='ltr'><strong>apto</strong></span> <span class='ocrx_word' id='word_1_239' title='bbox 176 2870 277 2948; x_wconf 83' lang='lat' dir='ltr'><strong>blena,</strong></span> <span class='ocrx_word' id='word_1_240' title='bbox 306 2870 358 2930; x_wconf 91' lang='lat' dir='ltr'><strong>sed</strong></span> <span class='ocrx_word' id='word_1_241' title='bbox 380 2879 493 2930; x_wconf 89' lang='lat' dir='ltr'><strong>asserto</strong></span> <span class='ocrx_word' id='word_1_242' title='bbox 515 2873 544 2930; x_wconf 94' lang='lat' dir='ltr'><strong>in</strong></span> <span class='ocrx_word' id='word_1_243' title='bbox 564 2873 771 2948; x_wconf 86' lang='lat' dir='ltr'><strong>ingenuitatem</strong></span> <span class='ocrx_word' id='word_1_244' title='bbox 792 2880 861 2950; x_wconf 93' lang='lat' dir='ltr'><strong>post</strong></span> <span class='ocrx_word' id='word_1_245' title='bbox 881 2869 1024 2949; x_wconf 88' lang='lat' dir='ltr'><strong>proditam</strong></span> 
     </span>
     <span class='ocr_line' id='line_1_33' title="bbox 96 2952 1023 3032; baseline 0 -21"><span class='ocrx_word' id='word_1_246' title='bbox 96 2953 240 3032; x_wconf 89' lang='lat' dir='ltr'><strong>iPompei</strong></span> <span class='ocrx_word' id='word_1_247' title='bbox 262 2955 395 3015; x_wconf 92' lang='lat' dir='ltr'><strong>classem.</strong></span> <span class='ocrx_word' id='word_1_248' title='bbox 427 2953 495 3032; x_wconf 90' lang='lat' dir='ltr'><strong>lpse</strong></span> <span class='ocrx_word' id='word_1_249' title='bbox 519 2955 635 3031; x_wconf 90' lang='lat' dir='ltr'><strong>scribit,</strong></span> <span class='ocrx_word' id='word_1_250' title='bbox 656 2957 793 3015; x_wconf 88' lang='lat' dir='ltr'><strong>invitasse</strong></span> <span class='ocrx_word' id='word_1_251' title='bbox 816 2973 848 3014; x_wconf 94' lang='lat' dir='ltr'><strong>se</strong></span> <span class='ocrx_word' id='word_1_252' title='bbox 871 2952 1023 3031; x_wconf 88' lang='lat' dir='ltr'><strong>quendam,</strong></span> 
     </span>
     <span class='ocr_line' id='line_1_34' title="bbox 94 3034 1024 3117; baseline 0.001 -23"><span class='ocrx_word' id='word_1_253' title='bbox 94 3039 149 3095; x_wconf 91' lang='lat' dir='ltr'><strong>rius</strong></span> <span class='ocrx_word' id='word_1_254' title='bbox 164 3038 233 3098; x_wconf 90' lang='lat' dir='ltr'><strong>villa</strong></span> <span class='ocrx_word' id='word_1_255' title='bbox 248 3047 386 3116; x_wconf 88' lang='lat' dir='ltr'><strong>maneret,</strong></span> <span class='ocrx_word' id='word_1_256' title='bbox 404 3041 451 3117; x_wconf 94' lang='lat' dir='ltr'><strong>qui</strong></span> <span class='ocrx_word' id='word_1_257' title='bbox 469 3040 638 3117; x_wconf 90' lang='lat' dir='ltr'><strong>speculator</strong></span> <span class='ocrx_word' id='word_1_258' title='bbox 653 3058 720 3098; x_wconf 92' lang='lat' dir='ltr'><strong>suus</strong></span> <span class='ocrx_word' id='word_1_259' title='bbox 735 3040 803 3098; x_wconf 91' lang='lat' dir='ltr'><strong>olim</strong></span> <span class='ocrx_word' id='word_1_260' title='bbox 816 3039 929 3097; x_wconf 86' lang='lat' dir='ltr'><strong>fuisset.</strong></span> <span class='ocrx_word' id='word_1_261' title='bbox 949 3034 1024 3096; x_wconf 83' lang='lat' dir='ltr'><strong>Gon·</strong></span> 
     </span>
     <span class='ocr_line' id='line_1_35' title="bbox 94 3120 1024 3202; baseline 0 -23"><span class='ocrx_word' id='word_1_262' title='bbox 94 3143 97 3179; x_wconf 79' lang='grc' dir='ltr'>ι</span> <span class='ocrx_word' id='word_1_263' title='bbox 119 3139 331 3202; x_wconf 88' lang='lat' dir='ltr'><strong>nonnumquam</strong></span> <span class='ocrx_word' id='word_1_264' title='bbox 353 3132 383 3181; x_wconf 89' lang='lat' dir='ltr'><strong>et</strong></span> <span class='ocrx_word' id='word_1_265' title='bbox 406 3125 499 3182; x_wconf 90' lang='lat' dir='ltr'><strong>serius</strong></span> <span class='ocrx_word' id='word_1_266' title='bbox 520 3124 608 3183; x_wconf 89' lang='lat' dir='ltr'><strong>inibat</strong></span> <span class='ocrx_word' id='word_1_267' title='bbox 632 3131 661 3182; x_wconf 90' lang='lat' dir='ltr'><strong>et</strong></span> <span class='ocrx_word' id='word_1_268' title='bbox 677 3124 814 3182; x_wconf 92' lang='lat' dir='ltr'><strong>maturius</strong></span> <span class='ocrx_word' id='word_1_269' title='bbox 831 3120 1024 3198; x_wconf 90' lang='lat' dir='ltr'><strong>relinquebat,</strong></span> 
     </span>
     <span class='ocr_line' id='line_1_36' title="bbox 104 3204 1023 3285; baseline 0 -22"><span class='ocrx_word' id='word_1_270' title='bbox 104 3208 246 3266; x_wconf 83' lang='lat' dir='ltr'><strong>convivae</strong></span> <span class='ocrx_word' id='word_1_271' title='bbox 267 3216 296 3266; x_wconf 92' lang='lat' dir='ltr'><strong>et</strong></span> <span class='ocrx_word' id='word_1_272' title='bbox 317 3225 439 3267; x_wconf 88' lang='lat' dir='ltr'><strong>caenare</strong></span> <span class='ocrx_word' id='word_1_273' title='bbox 461 3209 623 3285; x_wconf 89' lang='lat' dir='ltr'><strong>inciperent</strong></span> <span class='ocrx_word' id='word_1_274' title='bbox 643 3207 724 3285; x_wconf 94' lang='lat' dir='ltr'><strong>prius</strong></span> <span class='ocrx_word' id='word_1_275' title='bbox 738 3223 821 3284; x_wconf 87' lang='lat' dir='ltr'><strong>quam</strong></span> <span class='ocrx_word' id='word_1_276' title='bbox 837 3204 887 3264; x_wconf 90' lang='lat' dir='ltr'><strong>ille</strong></span> <span class='ocrx_word' id='word_1_277' title='bbox 903 3204 1023 3264; x_wconf 89' lang='lat' dir='ltr'><strong>discum-</strong></span> 
     </span>
    </p>
   </div>
   <div class='ocr_carea' id='block_1_3' title="bbox 94 3288 1026 3520">
    <p class='ocr_par' dir='ltr' id='par_1_4' title="bbox 94 3288 1026 3520">
     <span class='ocr_line' id='line_1_37' title="bbox 96 3288 1023 3369; baseline 0.001 -22"><span class='ocrx_word' id='word_1_278' title='bbox 96 3297 125 3366; x_wconf 93' lang='lat' dir='ltr'><strong>t,</strong></span> <span class='ocrx_word' id='word_1_279' title='bbox 142 3297 172 3349; x_wconf 88' lang='lat' dir='ltr'><strong>et</strong></span> <span class='ocrx_word' id='word_1_280' title='bbox 187 3300 391 3369; x_wconf 89' lang='lat' dir='ltr'><strong>permanerent</strong></span> <span class='ocrx_word' id='word_1_281' title='bbox 407 3290 541 3368; x_wconf 90' lang='lat' dir='ltr'><strong>digresso</strong></span> <span class='ocrx_word' id='word_1_282' title='bbox 560 3307 607 3349; x_wconf 91' lang='lat' dir='ltr'><strong>eo.</strong></span> <span class='ocrx_word' id='word_1_283' title='bbox 642 3288 768 3349; x_wconf 81' lang='lat' dir='ltr'><strong>Caenam</strong></span> <span class='ocrx_word' id='word_1_284' title='bbox 784 3290 874 3348; x_wconf 90' lang='lat' dir='ltr'><strong>ternis</strong></span> <span class='ocrx_word' id='word_1_285' title='bbox 892 3289 1023 3366; x_wconf 85' lang='lat' dir='ltr'><strong>ferculis,</strong></span> 
     </span>
     <span class='ocr_line' id='line_1_38' title="bbox 94 3373 1023 3453; baseline -0.001 -21"><span class='ocrx_word' id='word_1_286' title='bbox 94 3391 155 3433; x_wconf 87' lang='lat' dir='ltr'><strong>cum</strong></span> <span class='ocrx_word' id='word_1_287' title='bbox 177 3373 418 3434; x_wconf 88' lang='lat' dir='ltr'><strong>abundantissime</strong></span> <span class='ocrx_word' id='word_1_288' title='bbox 435 3376 513 3433; x_wconf 91' lang='lat' dir='ltr'><strong>senis</strong></span> <span class='ocrx_word' id='word_1_289' title='bbox 528 3373 705 3453; x_wconf 86' lang='lat' dir='ltr'><strong>praebebat,</strong></span> <span class='ocrx_word' id='word_1_290' title='bbox 729 3383 760 3433; x_wconf 95' lang='lat' dir='ltr'><strong>ut</strong></span> <span class='ocrx_word' id='word_1_291' title='bbox 775 3391 833 3433; x_wconf 94' lang='lat' dir='ltr'><strong>non</strong></span> <span class='ocrx_word' id='word_1_292' title='bbox 848 3373 935 3434; x_wconf 93' lang='lat' dir='ltr'><strong>nimio</strong></span> <span class='ocrx_word' id='word_1_293' title='bbox 950 3390 1023 3433; x_wconf 93' lang='lat' dir='ltr'><strong>sum-</strong></span> 
     </span>
     <span class='ocr_line' id='line_1_39' title="bbox 102 3457 1026 3520; baseline 0.001 -5"><span class='ocrx_word' id='word_1_294' title='bbox 102 3457 141 3517; x_wconf 92' lang='lat' dir='ltr'><strong>ita</strong></span> <span class='ocrx_word' id='word_1_295' title='bbox 156 3475 264 3520; x_wconf 87' lang='lat' dir='ltr'><strong>summa</strong></span> <span class='ocrx_word' id='word_1_296' title='bbox 282 3460 426 3519; x_wconf 88' lang='lat' dir='ltr'><strong>comitate.</strong></span> <span class='ocrx_word' id='word_1_297' title='bbox 456 3457 528 3518; x_wconf 89' lang='lat' dir='ltr'><strong>Nam</strong></span> <span class='ocrx_word' id='word_1_298' title='bbox 545 3457 623 3518; x_wconf 88' lang='lat' dir='ltr'><strong>etad</strong></span> <span class='ocrx_word' id='word_1_299' title='bbox 640 3458 868 3518; x_wconf 88' lang='lat' dir='ltr'><strong>communionem</strong></span> <span class='ocrx_word' id='word_1_300' title='bbox 883 3457 1026 3519; x_wconf 90' lang='lat' dir='ltr'><strong>sermonis</strong></span> 
     </span>
    </p>
   </div>
   <div class='ocr_carea' id='block_1_4' title="bbox 0 0 1148 3944">
    <p class='ocr_par' dir='ltr' id='par_1_5' title="bbox 0 0 1148 3944">
     <span class='ocr_line' id='line_1_40' title="bbox 0 0 1148 3944; baseline 0 1"><span class='ocrx_word' id='word_1_301' title='bbox 0 0 1148 3944; x_wconf 95' lang='lat' dir='ltr'><strong> </strong></span> 
     </span>
    </p>
   </div>
  </div>
 </body>
</html>
