2256 3930
410 214 514 262 nruus
538 213 721 263 cnaumus.
1005 211 1062 272 151

62 387 100 429 ac
115 367 246 427 damnum
266 366 442 428 liberalitate
463 387 514 429 sua
536 377 711 430 resarturum
733 371 902 451 pollicente.
947 375 1002 450 Qui
1023 385 1064 437 ta-

61 470 129 513 men
146 453 272 510 moriens
288 459 317 510 et
330 452 359 510 in
374 453 468 511 tertiis
482 451 639 512 heredibus
655 472 719 514 eum
735 473 773 516 ex
791 465 873 535 parte
892 461 976 520 tertia
992 477 1063 519 nnn·

64 543 213 616 capulum,
236 534 335 612 legato
352 536 437 594 etiam
455 537 533 596 circa
548 539 673 596 sestertii
689 540 780 599 vicies
797 550 972 618 prosecutus
988 560 1064 603 com·

62 619 207 680 mendavit
227 619 345 697 insuper
369 619 546 679 exercitibus
567 638 603 679 ac
624 623 734 682 senatui
755 623 923 703 populoque
937 626 973 686 R.
990 627 1065 687 inter

9 754 16 808 ,
38 712 179 769 sceteras
194 701 424 762 necessitudines
439 705 611 763 nominatim.

126 786 184 847 Sub
207 785 277 847 Gaio
290 784 402 846 demum
423 787 521 846 fratris
543 787 619 864 filio,
651 788 806 849 secundam
826 791 1097 857 existimationem?

63 873 141 932 circa
163 871 242 929 initia
265 870 378 947 imperii
400 869 532 930 omnibus
556 870 710 932 lenociniis
731 872 907 952 colligente,
937 875 1065 937 honores

61 955 228 1034 auspicatus
246 954 424 1014 consulatum
436 956 529 1032 gessit
548 973 603 1015 una
625 974 679 1034 per
699 956 772 1016 duos
791 975 924 1035 menses,
955 962 1064 1020 evenit·

9 1090 15 1130 ,
62 1057 118 1117 que
132 1047 163 1097 ut
178 1035 307 1116 primitus
324 1037 496 1115 ingredienti
513 1057 576 1097 cum
590 1039 719 1099 fascibus
733 1040 828 1100 forum
843 1043 1065 1120 praetervolans

9 1145 53 1215 ,to
62 1122 158 1202 aquila
176 1122 343 1181 dexteriore
363 1139 463 1182 umero
485 1122 661 1182 consideret.
706 1125 830 1185 Sortitus
851 1135 896 1185 est
916 1135 946 1186 et
968 1126 1003 1187 de
1024 1127 1064 1187 al·

10 1261 15 1298 Ι
60 1217 125 1267 tero
158 1205 309 1266 consulatu
336 1206 365 1265 in
393 1215 523 1284 quartum
545 1224 662 1277 annum;
692 1208 897 1288 praeseditque
926 1225 1063 1270 nonnum·

10 1345 17 1368 ,
61 1307 145 1370 quam
163 1289 341 1367 spectaculis
356 1291 384 1348 in
398 1288 448 1350 Gai
464 1292 575 1366 vicem,
600 1291 778 1351 adclamante
799 1291 925 1371 populo:
952 1292 1065 1355 felici·

10 1369 17 1384 “
60 1382 107 1434 ter
134 1375 237 1453 partim
259 1379 376 1450 patruo
403 1373 603 1450 imperatoria
624 1376 728 1453 partim
749 1375 927 1437 Germanici
949 1376 1065 1454 fratri!

10 1512 17 1532 ,
59 1457 125 1518 Nec
142 1457 286 1516 eominus
302 1457 482 1516 contumeliis
503 1457 645 1518 obnoxius
661 1460 741 1519 vixit.
784 1459 858 1519 Nam
878 1469 908 1519 et
928 1463 953 1520 si
976 1461 1063 1539 paulo
1079 1461 1099 1517 8

10 1536 49 1606 'u
60 1542 155 1602 serius
181 1539 217 1600 ad
242 1540 420 1619 praedictam
449 1559 557 1602 caenae
591 1541 692 1602 boram
723 1546 914 1620 occurrisset,
948 1545 1064 1603 nonnisi

10 1618 16 1688 J
59 1642 152 1701 aegre
168 1632 197 1683 et
220 1624 340 1684 circuito
357 1624 468 1684 demum
491 1625 616 1685 triclinio
638 1626 848 1705 recipiebatur,
880 1637 910 1687 et
931 1629 1064 1707 quotiens

57 1717 129 1788 post
145 1707 237 1767 cibum
253 1707 493 1786 addormiscerct,
525 1708 603 1786 quod
616 1711 643 1769 ei
658 1711 722 1770 fere
743 1711 911 1787 accidebat,
936 1710 1065 1772 olearum

57 1800 109 1852 aut
135 1790 322 1869 palmularum
349 1791 463 1852 ossibus
490 1793 706 1871 incessebatur,
729 1795 869 1855 interdum
895 1795 988 1855 ferula
1014 1795 1064 1855 lla-

55 1892 155 1953 grove
177 1875 257 1934 velut
279 1893 332 1953 per
352 1875 449 1935 ludum
471 1877 651 1936 excitabatur
668 1896 684 1937 a
701 1879 828 1956 cupreis.
873 1877 1013 1937 Sciebant
1036 1887 1066 1938 et

10 1957 190 2020 aomanibns
216 1960 363 2018 stertentis
390 1960 471 2019 socci
498 1960 609 2038 induci,
642 1970 671 2020 nt
691 1971 812 2040 repente
837 1962 1065 2040 expergefactus

52 2042 165 2103 faciem
180 2041 294 2102 sibimet
310 2043 493 2103 confricaret.

123 2124 182 2185 Sed
208 2144 245 2185 ne
271 2125 482 2186 discriminibus
508 2126 621 2204 quidem
650 2129 748 2186 caruit.
793 2127 917 2188 Primum
944 2128 972 2186 in
997 2128 1096 2206 ipsoli

53 2208 225 2286 consulatu,
248 2208 325 2289 quod
340 2209 465 2270 Neronis
480 2219 510 2269 et
522 2209 625 2287 Drusi,
647 2210 765 2270 fratrum
782 2209 933 2288 Caesaris,
956 2218 1065 2272 statuas

53 2295 178 2370 segnius
192 2292 331 2354 locandas
348 2293 555 2373 ponendasque
573 2303 718 2371 curasset,
749 2313 842 2373 paene
863 2293 974 2355 bonore
990 2313 1063 2355 sum·

10 2402 42 2443 2⁶
54 2384 156 2436 motus
176 2384 235 2446 est;
268 2377 372 2438 deinde
394 2386 533 2438 extraneo
555 2377 603 2438 vel
620 2381 704 2438 etiam
725 2378 948 2439 domesticorum
966 2378 1064 2458 aliquo

53 2458 211 2520 deferente
232 2461 348 2522 assidue
370 2463 506 2539 varieque
530 2463 710 2540 inquietatus.
757 2461 828 2523 Cum
849 2480 921 2523 vero
948 2461 1064 2523 detecta

54 2552 140 2604 esset
158 2543 258 2623 lepidi
283 2555 312 2605 et
338 2545 478 2607 Gaetulici
507 2547 682 2624 coniuratio,
708 2549 813 2607 missus
833 2548 862 2606 in
885 2546 1064 2608 Germaniam

53 2629 135 2687 inter
159 2626 275 2705 legatos
297 2629 332 2688 ad
358 2629 570 2706 gratulandum,
601 2631 685 2690 etiam
705 2632 782 2691 vitae
806 2631 966 2710 periculum
987 2629 1063 2706 adiit,

54 2710 226 2787 indignante
245 2731 280 2773 ac
294 2714 436 2773 fremente
454 2712 525 2774 (laio
546 2723 677 2792 patruum
697 2715 875 2792 potissimum
897 2713 932 2773 ad
949 2731 981 2772 se
997 2714 1063 2772 mis·

11 2817 43 2861 ιο
56 2813 122 2855 snm
139 2795 220 2872 quasi
237 2796 272 2857 ad
288 2814 407 2877 puerum
421 2797 595 2874 regendum,
616 2797 690 2858 adeo
705 2807 809 2859 utnon
830 2797 989 2872 defuerint,
1016 2796 1065 2873 qui

54 2878 207 2940 traderent
221 2881 442 2960 praecipitatum
459 2898 574 2961 quoque
593 2882 622 2940 in
639 2881 759 2958 flumen,
781 2883 856 2941 sicut
872 2880 995 2939 vestitus
1016 2878 1063 2938 ad·

54 2971 189 3023 venerat.
233 2963 329 3043 Atque
355 2983 392 3023 ex
418 2981 454 3023 eo
479 2983 630 3043 numquam
645 2982 703 3024 non
719 2967 748 3023 in
770 2973 871 3025 senatu
891 2963 1064 3022 novissimus

57 3046 253 3108 consularium
273 3047 443 3108 sententiam
464 3047 551 3124 dixit,
574 3049 748 3125 ignominiae
771 3065 857 3109 causa
880 3055 948 3125 post
972 3046 1064 3105 omnis

55 3132 264 3208 interrogatus.
308 3131 402 3192 lltiam
418 3133 548 3208 cognitio
561 3131 627 3192 falsi
641 3133 803 3192 testamenti
819 3138 941 3208 recepta
958 3137 1013 3206 est,
1034 3129 1064 3188 in

15 3231 46 3275 as
59 3231 118 3293 qno
137 3223 166 3275 et
193 3217 257 3294 ipse
277 3216 453 3292 signaverat.
497 3215 649 3275 Postremo
671 3216 835 3274 sestertium
857 3214 991 3290 octogies
1008 3229 1063 3292 pro

59 3299 175 3359 introitu
190 3301 256 3360 novi
278 3298 434 3368 sacerdotii
456 3307 576 3358 coactus
596 3299 779 3376 impendere,
801 3298 904 3360 adeas
925 3298 968 3357 rei
984 3297 1063 3358 fami·

58 3381 138 3442 liaris
166 3384 313 3462 angustias
346 3380 468 3458 decidit,
503 3391 533 3440 ut
560 3400 624 3441 cum
652 3381 809 3460 obligatam
832 3381 944 3442 aerario
978 3381 1064 3442 fidem

58 3463 185 3527 liberare
211 3485 271 3526 non
297 3474 413 3546 posset,
437 3465 466 3524 in
491 3483 612 3526 vacnum
639 3465 708 3544 lege
734 3465 926 3546 praediatoria
951 3466 1064 3526 venalis
