2286 3944
104 193 163 256 ¹66
204 202 602 262 c.suuros1rnsuc.ns
614 203 698 250 vrrs
712 203 901 252 censnnuu
922 205 995 253 ma.
1012 207 1043 252 v.

101 363 199 420 uiasse
214 376 248 417 se
264 360 321 416 vim
337 359 365 416 ei
381 357 417 415 ab
432 357 531 435 Appio
552 356 683 423 inlatam;
706 356 816 431 altera,
839 359 868 415 in
888 358 1106 419 admirationem

101 445 238 516 lormata,
260 442 315 499 sibi
338 459 454 518 quoque
477 438 599 499 eandem
620 441 750 518 speciem
770 440 881 518 aliquot
897 443 954 500 iam
974 443 1106 503 noctibus

103 527 254 587 obversari
278 525 401 592 rettulit;
430 543 486 583 nec
507 523 596 581 multo
612 532 680 602 post
699 542 737 582 ex
756 526 921 603 composito
943 527 1106 605 inrumpere

102 611 217 689 Appius
233 611 394 684 nuntiatus,
417 611 462 667 cui
478 607 570 685 pridie
586 607 622 666 ad
636 606 664 665 id
678 609 819 685 temporis
836 617 867 666 ut
888 608 1012 668 adesset
1028 629 1105 689 prae·

103 702 219 771 ceptum
235 703 314 769 erat,
337 694 418 771 quasi
435 692 520 770 plane
542 699 814 769 repraesentaretur
829 694 934 752 somnii
954 693 1045 770 fides,
1066 713 1124 755 ars

103 779 181 838 cessi
203 779 296 835 statim
317 795 351 835 ac
374 777 446 835 mori
467 778 560 834 iussus
586 783 640 832 est.
674 774 737 833 Nec
759 774 898 835 dubitavit
923 787 1046 854 postero
1064 778 1105 837 die

104 861 242 922 Claudius
263 861 394 920 ordinem
415 861 458 918 rei
478 867 580 937 gestae
597 858 730 935 perferre
748 859 784 917 ad
800 868 931 918 senatum
952 879 988 920 ac
1004 861 1105 922 liberto

104 948 215 1024 gratias
233 962 341 1020 agere,
362 943 440 1022 quod
457 960 509 1020 pro
530 941 623 1000 salute
647 959 698 1000 sua
712 944 797 1002 etiam
819 943 967 1003 dormiens
984 945 1105 1005 excuba-

62 1039 162 1098 ssret.
185 1029 251 1088 lrae
272 1036 358 1105 atque
379 1027 544 1086 iracundiae
561 1027 697 1085 conscius
708 1025 779 1103 sibi,
796 1035 946 1105 utramque
957 1030 1107 1089 excusavit

107 1113 203 1173 edicto
219 1111 420 1188 distinxitquc,
438 1109 587 1187 pollicitus
602 1109 735 1169 alterum
748 1110 868 1189 quidem
882 1109 1008 1170 breuem
1022 1121 1052 1173 et
1063 1114 1104 1172 in·
1114 1127 1133 1167 a

103 1197 249 1268 nomam,
268 1195 398 1254 atterum
410 1212 472 1253 non
485 1193 631 1251 iniustam
645 1192 727 1270 fore.
754 1192 953 1272 Ostiensibus,
970 1199 1039 1274 quia
1055 1196 1105 1255 sibi

105 1280 240 1339 subeunti
256 1278 381 1337 Tiberim
397 1275 520 1354 scaphas
535 1275 651 1336 obviam
666 1295 724 1338 uon
735 1278 1032 1356 miserint,'graviter
1047 1298 1104 1339 cor·

104 1365 212 1442 raptis,
237 1378 331 1438 eaque
353 1379 417 1419 cum
438 1359 559 1435 invidia,
585 1370 614 1419 ut
638 1362 666 1419 in
684 1361 812 1421 ordinem
831 1380 864 1421 se
885 1371 1023 1423 coactum
1043 1381 1103 1423 con·

105 1446 263 1518 scriberet,
293 1454 415 1522 repente
437 1452 544 1502 tantum
567 1462 624 1504 non
650 1448 719 1504 satis
741 1446 875 1506 facientis
891 1446 977 1507 modo
996 1450 1104 1507 veniam

104 1529 191 1589 dedit.
216 1527 363 1600 Quosdam
386 1530 414 1586 in
437 1527 555 1606 publico
574 1546 673 1606 parum
686 1532 860 1608 tempestive
877 1529 1009 1591 adeuntis
1025 1549 1131 1591 manua

104 1630 156 1672 sua
176 1610 313 1689 reppulit.
349 1611 420 1670 ltem
444 1611 567 1671 scribam
591 1615 801 1691 quaestorium,
828 1616 954 1693 itemque
972 1626 1105 1694 praetura

103 1697 232 1756 iunctum
247 1705 412 1755 senatorem
428 1695 572 1755 inauditos
590 1706 620 1755 et
634 1699 769 1756 innoxios
785 1698 947 1775 relegavit,
966 1699 1045 1777 quod
1058 1699 1105 1758 ille

105 1780 244 1840 adsersus
262 1782 402 1857 privatum
419 1799 451 1839 se
468 1781 706 1858 intemperantius
727 1781 873 1858 siluisset,
895 1781 943 1841 bic
961 1785 989 1840 in
1009 1783 1104 1844 aedili-

47 1904 51 1910 ·
105 1873 163 1924 tate
195 1864 351 1941 inquilinos
375 1864 557 1942 praediorum
584 1881 717 1940 snorum,
750 1874 851 1926 contra
877 1868 996 1926 vetitum
1025 1875 1105 1927 cocta

107 1949 280 2024 vendentes,
311 1949 460 2008 multasset
491 1949 665 2026 uilicumque
693 1950 930 2009 intervenientem
960 1951 1133 2027 flagellas-m

106 2043 162 2093 set.
195 2032 258 2106 Qua
277 2032 313 2092 de
335 2052 421 2093 causa
439 2033 524 2092 ctiam
547 2034 752 2092 coercitionem
769 2034 940 2111 popinarum
965 2034 1105 2094 aedilibus

106 2118 222 2178 ademit.

172 2201 218 2259 Ac
241 2219 277 2259 ne
299 2200 444 2260 stultitiam
466 2201 580 2278 quidem
601 2218 680 2260 suam
700 2200 827 2276 reticuit,
849 2200 1069 2280 simulatamque
1091 2221 1106 2261 a

108 2303 141 2344 se
156 2304 193 2343 ex
210 2283 348 2344 industria
365 2284 417 2343 sub
434 2284 520 2362 Gaio,
544 2283 621 2362 quod
637 2285 720 2343 aliter
740 2302 878 2343 evasurus
901 2294 1105 2362 perventurus-

108 2386 165 2446 que
181 2367 217 2426 ad
234 2377 399 2445 susceptam
414 2369 566 2427 stationem
580 2384 638 2426 non
652 2368 750 2444 luerit,
766 2367 933 2446 quibusdam
945 2371 1105 2428 oratiuncu·
1115 2386 1136 2426 ut

106 2451 142 2509 lis
157 2457 279 2507 testatus
291 2460 350 2516 est:
370 2469 425 2509 nce
437 2460 531 2510 tamen
546 2451 707 2529 persuasit,
726 2469 789 2510 cnm
803 2451 876 2511 intra
889 2451 980 2510 breve
994 2461 1106 2531 tempus

105 2532 180 2593 liber
198 2530 291 2590 editus
309 2535 361 2609 sit,
378 2537 422 2592 cui
439 2534 524 2593 iudex
540 2543 602 2593 crat
615 2531 753 2612 Μωρῶν
770 2526 1002 2612 ἐπανάστασις,
1021 2554 1105 2613 argu-

106 2625 231 2678 mentum
246 2625 356 2694 autem,
374 2617 519 2677 stultitiam
535 2618 679 2677 neminem
697 2619 819 2697 tingere.

65 2712 99 2768 39
171 2700 249 2760 Inter
264 2709 361 2760 cetera
374 2701 401 2759 in
413 2718 449 2759 eo
461 2704 552 2760 mirati
568 2710 632 2760 sunt
645 2701 776 2762 homines
791 2712 820 2762 et
834 2701 1012 2762 oblivionem
1025 2713 1055 2763 et
1066 2706 1105 2762 in·

108 2785 357 2862 considerantiam,
368 2784 415 2844 vel
425 2794 454 2844 ut
463 2784 575 2846 Graece
588 2784 691 2863 dicam,
704 2784 887 2865 μετεωρίαν
895 2774 1104 2866 εῐᾶβλεψίαν.
1115 2803 1137 2845 ac

107 2869 213 2929 Occisa
228 2869 395 2946 blessalina,
413 2869 499 2948 paulo
518 2878 585 2948 post
599 2887 683 2948 qnam
698 2871 726 2928 iu
742 2871 868 2930 triclinio
884 2869 1034 2947 decubuit,
1051 2890 1107 2932 eur

107 2953 233 3015 dominu
253 2973 315 3014 non
334 2955 452 3014 veniret
470 2954 611 3032 requisiit.
643 2953 750 3014 blultor
774 2955 880 3030 exiis,
911 2972 986 3032 quos
1010 2957 1107 3035 capite

108 3037 306 3115 damnaverat,
329 3048 449 3117 postero
466 3039 561 3097 statim
581 3037 628 3098 die
651 3046 681 3096 et
703 3039 730 3097 in
747 3038 896 3098 consilium
920 3047 950 3097 et
969 3038 1005 3098 ad
1023 3039 1107 3098 aleae

107 3121 199 3180 lusum
216 3123 363 3183 admoueri
380 3124 461 3182 iussit
476 3131 521 3199 et,
539 3123 620 3200 quasi
634 3131 831 3199 morarentur,
848 3131 877 3180 nt
893 3122 1107 3183 somniculosos

107 3222 160 3280 per
178 3208 302 3266 nuntium
320 3208 472 3286 increpuit.
493 3206 638 3265 Ducturus
655 3201 754 3266 contra
768 3207 813 3266 las
828 3206 1019 3286 Agrippinam
1034 3224 1106 3266 uxo·
1117 3228 1140 3269 ss

106 3304 179 3359 rem,
199 3306 256 3347 non
279 3292 405 3350 cessavit
426 3291 501 3352 omni
525 3293 656 3350 oratione
677 3290 776 3367 filium
795 3295 824 3350 ct
843 3289 1000 3351 alumnam
1024 3297 1054 3350 et
1075 3291 1108 3350 in

104 3371 219 3447 precato
236 3389 292 3431 suo
307 3380 414 3433 natam
430 3382 522 3453 utque
537 3373 701 3434 educatum
715 3373 895 3452 praedicare.
933 3373 1107 3434 Adsciturus

106 3452 258 3511 {unomen
288 3454 433 3515 'taen-tem
484 3457 565 3510 sitast
592 3473 691 3515 narum
718 3455 997 3535 reprehenderetur,
1028 3458 1107 3537 quod
