2256 3930
224 536 266 616 o.
296 536 533 618 souuom
557 535 900 624 anonumum

66 705 192 804 DE
245 702 476 804 VITA
526 702 1048 804 CAESARUM

436 903 576 969 LIBER
597 905 680 968 IIII.

356 1065 390 1136 0.
426 1064 451 1136 G
463 1065 499 1135 A
510 1064 540 1134 L
552 1064 573 1134 1
586 1062 619 1134 G
631 1063 664 1133 U
677 1063 706 1132 L
719 1065 763 1133 A.

461 1258 651 1265 ——.

10 1423 39 1465 ε
120 1401 322 1476 Germanicus,
343 1399 375 1459 G.
400 1397 534 1459 Caesaris
557 1408 655 1477 pater,
678 1400 765 1459 Drusi
783 1410 812 1460 et
833 1402 951 1460 minoris
967 1400 1089 1472 Anto-1

14 1531 18 1537 .
53 1489 120 1545 niae
135 1485 222 1562 filius,
236 1504 252 1545 a
265 1484 503 1563 Tiberiopatruo
520 1483 684 1562 adoptatus,
702 1494 885 1564 quaesturam
901 1486 1058 1564 quinquen·

52 1573 102 1630 nio
129 1579 194 1629 ante
219 1587 302 1647 quam
325 1586 378 1647 per
399 1569 484 1645 leges
507 1569 611 1628 liceret
639 1578 668 1628 et
697 1579 765 1647 post
791 1587 855 1629 eam
882 1569 1060 1629 consulatum

54 1656 149 1714 statim
162 1657 265 1730 gessit,
282 1654 445 1730 missusque
458 1652 493 1712 ad
510 1654 670 1712 exercitum
684 1655 713 1712 in
727 1653 918 1730 Germaniam,
934 1672 1061 1714 excessu

53 1738 180 1813 Augusti
197 1739 335 1812 nuntiato,
351 1736 486 1813 legiones
500 1738 669 1815 universas,
693 1740 898 1817 imperatorem
914 1737 1061 1798 Tiberium

10 1823 288 1902 lopertinacissime
299 1823 461 1881 recusantis
476 1830 504 1880 et
516 1820 571 1880 sibi
586 1840 723 1882 summam
737 1823 781 1882 rei
797 1840 826 1901 p.
843 1821 1004 1882 deferentis
1019 1825 1060 1882 in-

54 1915 166 1966 certum
181 1908 291 1984 pietate
305 1923 341 1965 an
358 1907 518 1965 constantia
534 1907 644 1965 maiore
662 1907 855 1985 compescuit,
873 1915 959 1984 atque
973 1905 1061 1965 hoste

52 2007 122 2050 mcx
143 1989 259 2050 devicto
280 1989 475 2068 triumphavit.
508 1987 617 2049 Consul
638 1989 741 2050 deinde
763 1991 866 2050 iterum
889 1999 1004 2049 creatus
1025 2007 1061 2049 ac

53 2077 136 2154 prius
156 2091 241 2151 quarn
254 2073 394 2133 honorem
409 2074 494 2132 iniret
511 2073 547 2133 ad
565 2074 796 2153 componendum
812 2073 940 2133 Orientis
955 2082 1060 2133 statum

54 2157 211 2235 expulsus,
234 2175 297 2217 cum
311 2156 466 2217 Armeniae
482 2176 583 2234 regern
605 2157 779 2235 devicisset,
797 2156 1015 2236 Cappadociam
1030 2160 1059 2217 in

13 2261 45 2303 ac
57 2242 229 2320 provinciae
245 2241 365 2303 formam
383 2241 565 2318 redegisset,
582 2260 684 2302 annum
701 2261 793 2320 agens
808 2243 911 2302 aetatis
928 2251 1059 2320 quartum

55 2335 85 2385 et
109 2325 303 2385 tricensimum
327 2325 459 2386 diuturno
483 2325 585 2386 morbo
600 2325 775 2387 Antiochiae
800 2326 887 2404 obiit,
911 2343 969 2387 non
996 2328 1057 2386 sine

53 2409 161 2468 veneni
181 2412 358 2489 suspicione.
392 2409 465 2470 Nam
488 2419 605 2483 praeter
626 2411 753 2489 livores,
779 2413 827 2490 qui
848 2419 910 2471 toto
930 2429 1058 2491 corpore

54 2503 146 2570 erant,
163 2502 192 2553 et
207 2512 340 2573 spumas,
362 2511 436 2573 quae
454 2512 508 2571 per
523 2512 557 2554 cs
571 2495 712 2572 tinebant,
731 2497 850 2556 cremati
872 2513 987 2575 quoque
1006 2513 1058 2556 cor

53 2580 128 2637 inter
142 2595 210 2638 ossa
222 2580 420 2658 incorruptum
431 2588 579 2656 repertum
592 2589 650 2640 est:
663 2581 743 2640 cuius
756 2599 790 2641 ea
801 2589 901 2641 natura
912 2581 1056 2640 existima·

18 2679 44 2720 ao
54 2672 109 2737 tur,
124 2670 154 2721 ut
169 2663 287 2722 tinctum
302 2680 417 2722 veneno
433 2664 503 2739 igne
521 2664 626 2723 confici
641 2673 776 2743 nequeat.
812 2661 895 2724 Obiit
904 2673 1008 2740 autem,
1023 2671 1053 2722 ut
1074 2675 1091 2726 2

54 2746 154 2824 opinio
175 2745 244 2822 fuit,
271 2746 372 2806 fraude
388 2745 503 2824 Tiberi,
524 2749 683 2808 ministerio
700 2757 729 2808 et
744 2767 835 2829 opera
854 2746 914 2808 GN.
931 2747 1056 2824 Pisonis,

42 2832 102 2908 ⁴qui
123 2829 176 2888 sub
206 2829 282 2889 idem
308 2839 421 2908 tempus
447 2832 549 2906 Syriae
572 2834 775 2910 praepositus,
796 2850 852 2891 nec
874 2829 1056 2890 dissimulans

53 2913 257 2974 offendendum
279 2914 334 2973 sibi
356 2923 403 2974 aut
425 2924 537 2992 patrem
561 2924 609 2975 aut
626 2917 728 2993 filium,
751 2917 833 2994 quasi
850 2915 937 2993 piane
953 2915 990 2974 ita
1005 2932 1055 2973 ue·

53 3016 140 3056 cesse
158 3008 248 3075 esset,
263 2999 348 3058 etiam
364 3015 485 3075 aegrum
500 2998 699 3061 Germanicum
710 3001 889 3076 gravissimis
899 2997 1055 3058 verborum

14 3093 88 3159 ,unc
106 3100 203 3141 rerum
216 3082 422 3143 acerbitatibus
443 3083 522 3142 nulio
540 3083 667 3143 adhibito
686 3083 774 3144 modo
791 3082 911 3152 adiecit3
933 3091 1055 3161 propter

51 3184 137 3244 quae,
156 3175 186 3225 ut
203 3167 324 3227 Romam
340 3165 434 3245 rediit,
458 3184 553 3244 paene
571 3167 735 3246 discerptus
754 3185 770 3226 a
788 3165 938 3245 populo,a
954 3173 1055 3225 senatu

50 3250 158 3327 capitis
182 3250 330 3311 damnatus
346 3259 400 3310 est.
446 3249 552 3310 Omnes
569 3250 740 3312 Germanico
759 3251 893 3330 corporis
909 3250 1051 3329 animique
1070 3257 1086 3310 3

48 3335 181 3412 virtutes,
196 3343 224 3394 et
243 3344 364 3412 quantas
384 3335 490 3394 nemini
503 3335 644 3412 cuiquam,
663 3335 821 3411 contigisse
839 3335 908 3396 satis
926 3342 1053 3394 constat:

48 3418 172 3478 formam
187 3427 217 3477 et
237 3418 434 3478 fortitudinem
451 3420 615 3497 egregiam,
640 3419 785 3496 ingenium
807 3420 835 3478 in
853 3428 976 3498 utroque
993 3416 1054 3476 elo·
