2286 3944
480 269 620 319 OTHO.
955 261 1015 323 211

10 422 103 485 ulium
121 421 178 483 alia
196 422 243 484 via
262 422 382 482 militum
400 423 610 484 demerebatur.
640 424 758 485 Guidam
776 428 861 486 etiam
878 426 914 486 de
933 437 1016 506 parte

10 507 115 569 linium
127 523 191 566 cum
203 508 299 567 vicino
310 507 443 584 litiganti,
455 506 598 567 adhibitus
606 508 724 586 arbiter,
737 519 826 569 toturn
839 529 939 587 agrum
950 512 1014 571 red·

10 592 84 653 emit
103 592 368 670 emancipavitque;
393 600 423 650 ut
446 593 502 651 iam
519 593 569 651 vix
586 592 662 651 ullus
674 603 764 669 esset,
777 597 825 672 qui
840 612 898 653 non
909 604 938 654 et
949 613 1013 655 sen-

10 676 83 737 uret
96 683 129 734 et
138 675 322 752 praedicaret
338 675 431 734 solum
449 677 638 734 successione
657 679 770 754 imperii
783 677 908 754 dignum.
939 680 1042 757 Spe-5

10 767 135 821 neverat
145 767 239 818 autem
251 759 316 819 iore
328 768 358 818 ut
372 758 559 837 adoptaretur
570 778 586 819 a
600 759 701 835 Galba,
714 759 801 838 idque
814 764 842 820 in
855 761 917 820 dies
926 780 1014 840 expe·

12 842 124 905 stabat.
146 842 205 902 Sed
218 852 370 922 postquam
383 842 490 903 Pisone
503 842 634 920 praelato
644 862 698 922 spe
707 843 823 921 decidit,
836 845 872 904 ad
882 847 938 903 vim
947 863 1014 904 oon·

11 944 119 987 versus
136 934 189 1004 est,
202 929 358 1003 instigante
370 945 459 1005 super
471 927 555 985 animi
572 926 703 986 dolorem
719 929 804 987 etiam
819 928 1015 1005 magnitudine

13 1012 92 1072 aeris
104 1009 201 1070 alieni.
219 1010 321 1088 Neque
334 1013 409 1069 enim
420 1009 626 1086 dissimulabat,
639 1011 919 1089 nisiprc'oce'pemae
928 1017 1015 1072 stare

12 1112 76 1157 aaa
88 1111 207 1172 possm
227 1094 362 1174 nihilque
375 1093 496 1172 referre
511 1093 551 1153 ab
566 1093 654 1154 hoste
673 1096 706 1155 in
728 1096 798 1155 acie
826 1113 868 1155 uo
888 1095 920 1155 io
940 1094 1014 1172 soro

14 1177 73 1241 aab
89 1177 297 1239 creditoribus
314 1178 448 1238 cadmet.
477 1177 553 1237 Ante
567 1196 676 1256 paucos
696 1179 758 1238 dies
776 1197 863 1239 servo
877 1177 1013 1239 Caesaris

15 1280 69 1343 pro
87 1264 242 1340 impetrata
259 1261 476 1340 dispensatione
497 1261 596 1321 decies
621 1265 785 1322 sestertium
809 1272 1012 1341 expresseram

13 1344 72 1408 lroc
82 1345 241 1406 subsidium
252 1348 322 1405 tanti
335 1349 432 1424 coepti
445 1346 507 1404 luit.
538 1344 583 1404 Ac
598 1349 689 1424 primo
703 1349 829 1426 quinque
848 1346 1012 1426 speculato·

13 1430 93 1491 ribus
109 1432 262 1490 commissa
274 1448 322 1489 res
335 1440 389 1506 est,
404 1429 509 1489 deinde
520 1428 621 1488 decem
634 1430 708 1507 aliis,
724 1449 796 1509 quos
810 1430 917 1508 singuli
928 1430 1012 1490 binos

14 1513 225 1595 produxeraut;
247 1513 379 1574 omnibus
399 1514 473 1573 dena
493 1516 628 1573 sestertia
647 1524 866 1593 repraesentata
887 1523 917 1574 et
932 1516 1012 1593 quin-

14 1616 149 1678 quageua
161 1599 314 1676 promissa.
338 1597 394 1657 Per
404 1597 460 1656 hos
476 1597 623 1656 sollicitati
636 1598 749 1676 reliqui,
764 1618 819 1658 nec
831 1599 904 1658 adeo
914 1598 1010 1674 multi,

13 1680 89 1743 lmud
101 1681 316 1757 dubialiducia,
334 1683 363 1740 in
382 1683 448 1760 ipso
466 1683 586 1757 negotio
604 1681 694 1759 pluris
713 1682 871 1742 adfuturos.
895 1682 1039 1742 Tuleratti

13 1767 125 1827 animus
139 1775 206 1843 post
216 1765 401 1843 adoptionem
414 1767 508 1824 statim
519 1774 612 1824 castra
622 1783 768 1844 occupare
784 1776 1011 1843 caenantemque

12 1851 42 1909 iu
60 1848 172 1909 Palatio
191 1849 311 1909 Galbam
328 1848 466 1926 adgredi,
485 1849 536 1907 sed
555 1848 667 1908 obstitit
689 1858 843 1928 respectus
870 1849 1010 1924 cohortis,

14 1950 89 2012 quae
102 1942 170 1992 tuuc
183 1932 355 2010 excubabat,
370 1950 406 1991 ne
419 1941 587 1992 oneraretur
599 1932 715 2009 invidia,
729 1933 805 2011 quod
819 1932 946 1991 eiusdem
954 1940 1010 1990 sta·

10 2018 93 2077 tione
106 2024 135 2075 et
147 2015 234 2077 Gaius
245 2017 340 2075 iuerat
352 2017 467 2076 occisus
480 2024 509 2074 et
527 2015 659 2075 desertus
672 2015 761 2074 Nero.
797 2015 921 2074 bladium
940 2031 1010 2091 quo-

14 2118 71 2180 que
83 2109 197 2179 tempus
208 2099 313 2178 religio
324 2109 354 2159 et
367 2099 508 2159 Seleucus
519 2101 635 2158 exemit.

79 2183 162 2261 lingo
175 2184 317 2245 destinata
330 2183 387 2260 die,
401 2184 588 2262 praemonitis
601 2184 727 2242 consciis
738 2191 768 2241 ut
781 2201 813 2241 se
833 2183 862 2240 iu
878 2181 943 2241 loro
957 2180 1009 2241 sub

13 2267 88 2330 aede
100 2269 214 2328 Saturni
226 2267 423 2329 adbliliarium
433 2285 551 2327 aureum
566 2269 778 2345 opperirentur,
791 2283 874 2324 mane
890 2263 1010 2325 Galbam

15 2351 165 2429 salutavit,
182 2361 271 2430 utque
290 2359 482 2411 consueverat
500 2350 603 2410 osculo
621 2358 780 2428 exceptus,
797 2351 882 2409 etiam
901 2349 1009 2409 sacriti-

16 2438 91 2497 canti
104 2436 233 2496 interfuit
245 2434 410 2514 audivitque
423 2434 571 2512 praedicta
583 2435 754 2512 haruspicis.
773 2433 885 2494 Deinde
902 2432 1008 2493 liberto

14 2520 120 2581 adesse
129 2520 307 2580 architectos
317 2521 480 2595 nuntiante,
494 2517 571 2596 quod
584 2520 697 2595 signum
714 2527 907 2595 convenerat,
926 2519 1008 2596 quasi

14 2604 147 2664 venalem
159 2602 271 2663 domurn
283 2605 467 2681 inspecturus
479 2602 633 2679 abscessit,
647 2605 846 2682 proripuitque
854 2620 886 2661 se
894 2604 1008 2680 postica

14 2696 97 2766 parte
108 2687 199 2747 Palati
213 2686 249 2747 ad
266 2689 459 2747 constitutum.
482 2685 541 2745 Alii
558 2686 669 2746 febrem
681 2687 833 2746 simulasse
845 2688 1006 2744 aiunteam·

14 2789 70 2851 que
82 2773 301 2832 excusationem
312 2772 453 2850 proximis
473 2769 640 2846 mandasse,
659 2771 683 2829 si
697 2778 894 2848 quaereretur.
927 2766 1008 2826 Tunc

14 2855 127 2915 abditus
141 2873 268 2934 propere
278 2853 411 2914 muliebri
423 2854 496 2913 sella
508 2855 537 2912 in
550 2863 643 2913 castra
656 2853 812 2928 contendit,
825 2871 860 2911 ac
872 2851 1006 2910 delicien-

14 2939 88 2998 tibus
107 2938 256 2999 lecticaris
272 2956 336 2998 oum
352 2938 553 2998 descendisset
571 2955 741 3014 cursumque
754 2938 893 3014 cepisset,
908 2934 1006 2992 laxato

15 3023 115 3084 calceo
129 3025 245 3101 restitit,
264 3022 359 3083 donec
371 3024 480 3082 omissa
488 3039 568 3081 mora
581 3021 766 3096 succollatus,
780 3028 809 3078 et
821 3037 837 3078 a
851 3025 1007 3096 praesente

13 3109 148 3168 comitatu
163 3108 320 3186 imperator
334 3106 543 3182 consalutatus,
560 3107 635 3164 inter
656 3105 765 3164 faustas
784 3101 1006 3161 adclamationes

13 3193 189 3269 strictosque
207 3190 322 3268 gladios
340 3190 376 3251 ad
394 3191 535 3269 principia
557 3189 689 3264 devenit,
712 3187 799 3246 obvio
817 3202 933 3264 quoque
950 3200 1007 3242 nou

12 3275 95 3336 aliter
107 3293 143 3334 ac
156 3277 180 3334 si
194 3277 329 3335 conscius
344 3283 373 3334 et
384 3276 533 3352 particeps
549 3273 626 3332 foret
641 3271 825 3330 adhaerente.
849 3269 892 3328 lhi
911 3268 1006 3326 missis

12 3361 59 3439 qui
76 3359 198 3420 Galbam
211 3368 241 3418 et
251 3359 385 3420 Pisonem
395 3357 585 3432 trucidarent,
599 3355 634 3415 ad
648 3354 846 3415 conciliandos
864 3351 1005 3432 pollicita·

11 3443 138 3506 tionibus
150 3443 269 3503 militum
282 3445 393 3504 animos
404 3441 474 3501 nihil
486 3441 579 3517 magis
591 3457 644 3518 pro
663 3441 798 3499 contione
816 3447 938 3499 testatus
951 3444 1004 3496 est,

10 3544 96 3589 *uam
109 3527 137 3587 id
150 3527 262 3587 demum
274 3546 307 3587 se
320 3525 490 3602 habiturum,
505 3524 581 3603 quod
595 3524 649 3585 sibi
662 3523 705 3584 illi
717 3524 905 3667 reliqqaqsqent
