2286 3944
134 185 173 244 14
216 195 247 242 o.
263 194 415 242 sunrour
432 193 561 252 ranno.
577 193 625 240 ns
641 193 723 241 vrrs
739 191 925 242 cassanum
940 195 1009 244 urs.
1026 198 1050 244 r.

133 350 233 429 populi
244 348 432 425 adimeretur,
449 358 496 408 aut
507 357 537 407 ut
552 350 643 408 ceteri
659 366 775 427 quoque
792 349 985 426 imperatores
1000 349 1035 410 ab
1052 370 1136 411 exer·

133 433 236 494 citibus
249 432 447 501 discedercut;
465 433 606 510 confisus,
622 442 652 493 ut
668 441 781 511 putant,
797 433 911 493 facilius
926 452 977 511 se,
995 435 1079 494 simul
1095 450 1133 495 aa·

131 536 187 597 que
209 516 356 592 libuisset,
374 526 530 576 veteranos
550 526 773 577 convocaturum
795 535 879 596 quam
894 517 1064 597 Pompeium
1084 536 1132 578 no·

130 619 185 661 vos
207 602 322 660 milites.
367 599 438 660 cam
464 599 638 661 adversariis
662 609 756 660 autem
783 602 912 679 pepigit,
938 611 985 678 ut,
1009 602 1133 663 dimissis

131 695 198 746 octo
215 684 379 762 legionibus
395 685 643 764 Transalpinaque
666 684 773 760 Gallia,
792 683 865 745 duae
883 686 939 745 sibi
955 686 1092 764 legiones
1107 695 1134 745 et

132 769 279 849 Cisalpina
296 770 462 848 provincia,
486 768 534 828 rel
549 770 634 829 etiam
648 786 703 828 uua
717 768 797 845 legio
815 788 878 829 cum
894 769 1013 844 Illyrico
1030 787 1133 830 conce·

90 854 266 930 sederetur,
291 853 386 932 quoad
407 853 508 913 consul
530 854 622 913 lieret.
666 854 775 913 Verum
800 871 896 931 neque
922 862 1025 914 senatu
1049 856 1133 914 iuter·

131 939 266 998 veniente
285 946 315 996 et
333 937 507 997 adversariis
529 937 717 1014 negantibus,
741 936 828 997 ullam
847 955 881 997 se
901 936 938 997 de
962 957 995 998 re
1017 938 1134 1018 publica

130 1023 260 1084 tacturos
276 1023 456 1099 pactionem,
480 1022 591 1080 transiit
610 1022 638 1079 iu
661 1021 825 1081 citeriorem
847 1020 988 1099 Galliam,
1007 1039 1132 1082 conven-

130 1107 264 1184 tibusque
287 1106 414 1183 peractis
428 1104 584 1164 Ravennae
606 1104 748 1181 substitit,
770 1104 850 1165 bello
871 1105 1086 1183 vindicaturus,
1109 1106 1133 1165 si

131 1189 200 1269 quid
219 1187 255 1248 de
271 1188 390 1247 tribunis
407 1185 502 1265 plebis
522 1187 769 1248 intercedentibus
788 1206 841 1268 pro
861 1208 894 1249 se
915 1191 1036 1266 gravius
1053 1209 1070 1251 a
1087 1208 1131 1249 se·

130 1283 197 1334 natu
216 1273 397 1332 constitutum
415 1280 503 1330 esset.

192 1356 231 1416 Et
257 1364 436 1433 praetextum
460 1354 574 1433 quidcm
599 1355 641 1414 illi
666 1355 791 1416 civilium
815 1373 958 1416 armorum
983 1356 1043 1417 hoc
1063 1358 1132 1425 suit;

131 1456 233 1500 causas
256 1447 350 1498 autem
371 1438 442 1498 alias
462 1440 552 1499 luisse
570 1440 732 1517 opinantur.
778 1439 893 1514 Gnaeus
913 1441 1071 1520 Pompeius
1095 1443 1133 1502 ita

129 1521 292 1598 dictitabat,
315 1520 392 1601 quod
415 1541 510 1601 neque
533 1541 624 1602 opera
648 1541 848 1584 consummare
867 1542 941 1602 quae
959 1527 1133 1601 instituerat,

129 1625 223 1685 neque
241 1607 341 1684 populi
357 1609 607 1685 expectationem,
632 1625 717 1685 quam
735 1607 771 1667 de
793 1607 917 1668 adventu
935 1626 989 1669 suo
1008 1610 1133 1686 fecerat,

129 1692 249 1770 privatis
262 1690 367 1768 opibus
383 1690 504 1768 explere
521 1700 639 1769 posset,
656 1691 772 1752 turbare
788 1693 883 1753 omnia
899 1711 933 1753 ae
952 1696 1133 1771 permiscere

128 1775 267 1835 voluisse.
312 1774 372 1833 Alii
388 1775 516 1834 timuisse
532 1775 643 1852 dicunt,
660 1794 697 1835 ne
719 1793 837 1853 eorum,
859 1793 933 1854 quae
952 1778 1046 1855 primo
1064 1793 1132 1836 oon·

129 1859 222 1920 sulatu
235 1858 375 1918 adversus
387 1860 515 1937 auspicia
531 1859 674 1938 legesque
690 1868 720 1919 et
735 1861 960 1920 intercessiones
975 1863 1133 1938 gessisset,

128 1944 268 2004 rationem
283 1942 407 2003 reddere
422 1952 593 2020 cogeretur;
611 1941 809 2004 candidato
826 1943 980 2004 identidem
998 1964 1055 2005 nec
1070 1945 1134 2005 sine

129 2031 191 2088 iure
208 2026 326 2087 iurando
342 2027 536 2103 denuntiaret,
559 2026 717 2087 delaturum
734 2046 767 2086 se
788 2045 893 2087 nomen
912 2030 974 2089 eius
995 2029 1080 2089 simul
1100 2047 1134 2089 ac

130 2114 251 2192 primum
270 2113 428 2172 exercitum
446 2111 615 2180 dimisisset;
641 2129 762 2190 cumque
779 2112 869 2189 vulgo
891 2113 957 2172 iore
980 2113 1132 2192 praedica·

129 2206 210 2272 rent,
235 2205 265 2256 ut
282 2198 307 2255 si
329 2198 456 2274 privatus
472 2196 610 2271 redisset,
628 2195 745 2255 Milonis
763 2195 900 2274 exemplo
918 2197 1134 2276 circumpositis

130 2282 246 2341 armatis
268 2299 382 2341 causam
403 2279 480 2358 apud
497 2281 606 2339 iudices
627 2279 746 2339 diceret.
790 2279 875 2355 Quod
894 2280 1075 2360 probabilius
1090 2281 1132 2341 ia·

130 2366 169 2425 cit
191 2364 309 2424 Asinius
336 2364 447 2440 Pollio,
477 2363 642 2423 Pharsalica
669 2365 732 2423 acie
761 2382 867 2425 caesos
896 2365 1134 2444 profligatosque

129 2448 313 2507 adversarios
337 2447 658 2525 prospicientemhaec
677 2466 742 2506 eum
764 2448 800 2508 ad
824 2448 942 2508 verbum
959 2449 1070 2509 dixisse
1085 2467 1131 2508 re·

128 2531 241 2588 ferens:
261 2528 329 2589 Hoc
346 2530 528 2600 columnam·
550 2531 645 2592 tontis
665 2530 760 2592 rebus
779 2533 876 2612 pectis
890 2532 990 2593 Gaius
1008 2531 1133 2594 Caesar

129 2613 349 2674 condemnatos
366 2631 479 2689 essem,
500 2615 563 2674 mici
583 2614 623 2675 ab
644 2615 783 2676 exercitat
805 2616 956 2678 auxilium
972 2617 1130 2695 petissem.

130 2698 249 2773 Quidam
278 2706 376 2777 putant
403 2707 517 2776 captum
543 2700 661 2777 imperii·
685 2700 892 2765 consuetudine
920 2703 1133 2781 pensitatisque

129 2784 233 2842 suiset
250 2782 427 2842 inimieorum
443 2781 567 2859 viribus,
588 2800 669 2842 usum
690 2785 848 2846 occasione
867 2784 1026 2864 rapiendae
1043 2786 1131 2847 domi-

129 2868 265 2943 nationis,
288 2884 371 2945 quam
389 2876 484 2926 aetate
500 2868 591 2944 prima
608 2869 803 2947 concupisset.
848 2868 933 2944 Quod
947 2871 1132 2931 existimasse

128 2950 279 3011 videbatur
296 2960 325 3010 et
339 2948 460 3028 Cicero,
484 2951 616 3010 scribens
632 2951 668 3011 de
684 2951 795 3012 Officiis
812 2954 897 3014 tertio
919 2952 994 3013 libro
1013 2972 1132 3033 semper

130 3032 285 3095 Gaesarem
310 3036 339 3094 in
370 3053 422 3095 ore
448 3034 584 3095 habuisse
609 3037 666 3114 [est
690 3037 720 3096 in
741 3036 921 3098 Phoenissis:
950 3039 1045 3119 alateo
1066 3027 1131 3136 κὰρ

128 3109 257 3180 ἀδικεῖν
270 3111 332 3198 χρή
340 3165 349 3197 ,
366 3117 567 3199 τυραννίδος
581 3115 656 3199 πέρι
670 3111 849 3182 κάλλιστον
864 3111 1026 3202 ἀδίκημα·
1045 3142 1087 3184 τα
1100 3109 1132 3183 d’

128 3192 213 3262 ἄλλα
228 3192 379 3282 εὐσεβεῖν
394 3195 512 3283 χρεών]
530 3203 675 3282 Euripidis
691 3223 809 3282 versus,
825 3223 901 3284 quos
918 3206 961 3266 sic
978 3208 1046 3286 ipse
1063 3224 1130 3269 con·

129 3287 229 3345 vertit·
672 3309 674 3315 ·

282 3374 354 3430 Nam
375 3378 401 3430 si
419 3377 574 3432 violandum
596 3381 637 3431 est
654 3378 710 3446 ius,
728 3379 864 3448 reparandi
879 3380 972 3450 pratia

287 3457 448 3514 Violcndum
468 3467 520 3517 est.-
540 3461 600 3515 adis
618 3459 701 3515 rebus
714 3468 844 3532 pietatem
864 3463 949 3519 colae.
