2256 3930
260 158 272 187 -·
288 153 561 202 nursanruonnu
582 154 763 202 ursaouuu
782 153 981 214 nuurqumu.
1075 140 1111 201 ³1

134 310 217 388 cipit.
244 307 356 368 Dicitur
369 317 463 368 autem
479 306 627 385 pulvinus,
643 307 754 367 dicatur
768 325 894 367 necesse
912 317 956 381 est
972 307 1120 368 cervicali

133 401 166 453 ut
182 391 356 452 cubicularis
369 392 543 451 tricliniarls.

199 475 363 552 Pugillares
380 492 416 534 an
431 473 597 553 pugillaria]
613 473 678 533 Nec
694 476 848 552 pugillaria
870 492 927 534 neo
943 474 1068 554 pugillar
1080 474 1126 534 dic

134 559 266 638 potest*
282 558 380 634 aliter,
401 561 467 636 quia
492 560 640 635 proprium
664 575 768 619 nomen
790 569 834 619 est
849 559 931 618 huius
947 560 990 618 rei
1009 558 1122 618 codice

105 643 205 704 siude
228 660 281 720 per
303 641 515 700 diminutionem
536 640 680 717 codicilli,
702 651 732 702 ut
754 651 822 721 puta
846 641 972 703 codicilli
995 641 1126 720 triplices

137 725 196 804 [sic
218 725 348 787 dicuntur
372 723 513 802 codicilli,
536 723 564 784 id
589 733 633 783 est
652 727 717 803 quia
731 735 788 786 turn
804 729 885 804 parvi
902 734 969 784 sunt>
980 734 1010 784 ut
1025 726 1128 804 pugilli

134 811 230 868 teneri
246 809 367 886 possint.
401 807 506 868 (licero
524 825 640 886 quoque
661 808 779 868 libellos
799 828 872 888 quos
888 809 986 888 plures
1006 810 1035 868 in
1054 827 1128 869 man

135 891 264 953 habebat
278 890 403 951 vocabat
414 891 598 970 pugillares]

198 975 276 1035 luter
287 975 376 1034 decus
389 985 417 1035 et
428 975 529 1054 decor]
543 975 632 1034 decus
645 984 689 1034 est
700 975 1010 1052 gloria,decorlorma.
1025 977 1125 1037 Utrum

91 1068 196 1136 ioque
218 1060 345 1135 genitivo
371 1077 439 1118 casu
462 1058 649 1135 discernitur,
671 1077 734 1118 nam
756 1059 833 1138 quod
854 1061 964 1119 virtutis
979 1060 1068 1120 decus
1084 1078 1128 1118 es

137 1145 311 1222 corripimus
326 1160 344 1202 o
359 1151 388 1202 et
403 1141 522 1202 dicimus
536 1143 626 1201 decus
642 1142 770 1220 deodris,
795 1143 871 1221 quod
891 1143 1012 1221 formae,
1032 1143 1125 1221 produ

138 1228 229 1286 cimus
245 1232 273 1286 et
288 1226 407 1285 dicimus
419 1226 509 1285 decor
524 1226 649 1286 decoris.

201 1311 278 1369 Inter
296 1309 364 1368 mihi
386 1318 415 1368 et
436 1310 491 1387 mi]
519 1320 669 1387 utrumque
690 1325 851 1386 pronomen
868 1320 926 1388 est,
948 1311 1000 1371 sed
1016 1310 1128 1371 alteras

136 1394 300 1452 invocantis
321 1393 441 1452 alterum
463 1395 625 1471 poscentis:
642 1393 762 1452 dicimus
776 1396 849 1452 enim
867 1413 883 1454 o
901 1397 937 1454 mi
956 1404 1054 1474 pater,
1074 1413 1128 1455 cuo

101 1479 325 1552 tsinrooamus,
349 1485 378 1535 et
395 1475 515 1536 dicimus
532 1476 566 1536 da
581 1476 662 1552 mihi,
679 1494 743 1535 curn
757 1479 912 1554 poscimus.

202 1560 280 1620 luter
299 1560 348 1619 hic
365 1563 448 1638 panis
470 1570 498 1619 et
511 1560 569 1618 hoc
586 1561 673 1638 pane}
693 1559 741 1618 hic
761 1563 857 1637 panis,
879 1563 926 1641 qui
943 1563 1057 1640 integer
1077 1570 1121 1621 est

138 1643 197 1704 hoc
217 1662 302 1722 pane,
324 1661 387 1702 cum
403 1643 512 1702 fractus
530 1652 589 1720 est,
605 1643 742 1719 dicimus,
760 1661 796 1702 ex
812 1663 867 1703 uno
884 1664 958 1724 pane
975 1664 1038 1705 cum
1055 1645 1128 1725 plur

139 1727 231 1787 irusta
246 1727 401 1787 factasunt
418 1772 424 1784 .
440 1727 468 1786 hi
485 1745 574 1805 panes
590 1726 642 1785 sed
656 1726 715 1784 hoc
730 1744 814 1804 pane.

94 1860 100 1867 .
203 1811 326 1870 l'lurium
338 1827 374 1869 an
386 1810 509 1888 pluruml
525 1809 613 1868 Aiunt
625 1808 738 1887 quidam
750 1810 860 1888 plurum
874 1812 981 1872 debere
995 1813 1060 1889 dici,
1073 1813 1121 1890 qui

86 1909 201 1975 'acuon
216 1893 335 1954 dicimus
348 1894 509 1953 meliorium
526 1911 582 1952 nec
600 1893 786 1969 doctiorium,
807 1897 845 1953 ita
866 1914 921 1954 neo
946 1896 1068 1974 plurium
1090 1895 1126 1954 de

86 1996 96 2057 ζ
140 1979 213 2039 here
229 1977 295 2038 dici.
325 1976 384 2037 Sed
404 1977 452 2036 alii
476 1979 570 2053 aiunt,
595 1994 791 2055 quaecumque
807 1978 911 2056 plurali
928 1979 1119 2038 accusativoi

141 2062 150 2120 i
167 2070 196 2121 et
223 2081 237 2121 s
252 2063 369 2121 veniunt
390 2069 419 2121 et
433 2063 442 2120 i
458 2060 635 2139 producunt,
661 2062 789 2135 genitivo
806 2062 930 2137 perium
947 2061 1055 2120 debere
1071 2060 1127 2121 dici

140 2152 281 2224 tamquam
302 2147 407 2204 montis
427 2146 495 2203 tium
516 2144 604 2203 lontis
620 2145 705 2219 tium,
727 2161 784 2203 non
799 2153 924 2203 monium
942 2162 996 2203 neo
1011 2144 1121 2204 fontum

90 2234 93 2239 '
141 2228 180 2288 ita
195 2228 318 2308 plurium
334 2228 472 2304 dicimus,
489 2245 546 2286 non
562 2228 682 2306 plorum.

88 2400 91 2405 Ι
110 2323 133 2365 ²⁵
203 2326 333 2404 Uterque
350 2345 385 2386 an
399 2326 530 2403 utrique]
549 2335 670 2402 uterque
687 2343 724 2383 ex
742 2323 869 2401 duobus,
892 2326 1005 2403 utrique
1024 2343 1061 2384 ex
1077 2325 1126 2403 plu

86 2472 92 2479 ,
141 2409 232 2469 ribus.

86 2512 94 2525 '
202 2506 409 2566 Huiuscemodi
425 2524 461 2567 an
477 2505 665 2583 eiuscemodi]
681 2505 859 2566 eiuscemodi
877 2505 1028 2566 barbarum
1045 2513 1097 2584 est,
1118 2531 1121 2539 ·

86 2580 91 2625 ·'
140 2597 278 2669 superest
292 2598 323 2651 ut
335 2589 535 2649 huiuscemodi
550 2589 688 2648 dieamus.

205 2685 285 2746 luter
299 2685 445 2746 librarium
461 2695 490 2744 et
508 2685 693 2763 manuarium]
715 2684 863 2745 librarium
885 2695 929 2745 est
946 2685 1022 2764 quod
1037 2685 1112 2744 libro

102 2783 127 2829 to
137 2769 279 2848 sustinet,
294 2772 467 2830 manuarium
483 2778 527 2828 est
542 2769 618 2846 quod
636 2787 719 2828 manu
733 2770 858 2846 tangitur
873 2778 920 2830 aut
934 2770 1097 2829 sustinetur.

204 2865 284 2926 Inter
300 2883 437 2942 promere
454 2875 481 2926 et
497 2867 643 2945 prolerre]
661 2867 816 2944 promimus
840 2884 963 2944 eaquae
986 2868 1014 2924 iu
1028 2873 1123 2943 promt

136 2959 223 3026 sunt,
239 2949 414 3028 proferimus
425 2949 592 3026 recondita,
608 2951 689 3028 quasi
703 2966 793 3027 porro
809 2950 936 3008 ierimus.

205 3046 261 3106 llic
286 3047 368 3107 alvus
384 3066 419 3107 an
437 3047 512 3107 haec
531 3046 625 3124 alvus]
656 3045 761 3104 Omnes
783 3045 859 3104 hanc
881 3045 974 3104 alvum
989 3043 1121 3103 dixerunt

135 3148 216 3209 aqua
231 3128 326 3189 alvum
345 3133 427 3191 citam
443 3131 530 3207 facit,
547 3147 602 3189 nou
619 3130 713 3189 citum.
743 3128 801 3187 Sed
813 3127 993 3206 temporibus
1009 3125 1121 3186 emend

92 3223 186 3274 estur
208 3213 355 3292 facundia,
380 3216 418 3274 ita
436 3213 556 3273 dicimus
578 3213 626 3272 hic
649 3212 730 3271 alvus
747 3211 804 3270 hoc
825 3219 971 3289 ternpore,
999 3211 1080 3289 quasi
1094 3208 1123 3267 hi

132 3308 247 3357 uterus.

205 3378 356 3440 Caerulum
378 3399 413 3440 an
439 3379 615 3457 caeruleum]
638 3377 782 3437 caerulum
806 3386 850 3436 est
874 3385 1013 3456 tamquam
1032 3391 1101 3435 auru
