2286 3944
409 243 513 291 mvus
536 243 726 292 AUGUSTUS.
1026 233 1064 294 41

88 419 136 462 ιιιι.
159 399 326 461 Profectum
341 416 410 459 mox
433 398 603 460 avunculum
620 401 649 457 in
665 398 818 478 Hispanias
842 399 982 462 adversus
1008 397 1068 461 ott.

90 485 189 565 ompei
212 483 340 561 liberos,
361 483 477 543 vixdum
500 485 597 543 firmus
618 501 634 542 a
656 486 738 560 gravi
761 484 930 560 valitudine,
958 501 1012 562 per
1027 485 1067 544 io·

88 576 159 630 estas
180 567 313 628 hostibus
336 569 399 627 vias
422 568 603 647 paucissimis
627 567 779 627 comitibus
801 569 953 645 naufragio
983 568 1069 628 etiam

88 662 147 714 reto
181 651 370 728 subsecutus,
410 669 589 731 magnopere
623 650 777 728 demeruit,
817 652 978 732 approbata
1010 653 1068 712 cito
1116 701 1118 705 .

88 739 154 798 tium
171 753 283 797 morum
300 734 398 795 indole
415 755 506 815 super
520 736 631 795 itineris
648 735 823 796 industriam.

132 819 259 881 Caesare
275 827 343 898 post
364 830 501 899 receptas
521 819 674 898 Hispanias
688 819 904 899 expeditionem
924 821 953 879 in
971 821 1070 882 Dacos

88 913 98 966 t
111 901 178 964 inde
192 906 220 964 in
229 903 352 965 Parthos
364 902 541 982 destinante,
564 905 738 982 praemissus
755 903 943 983 Apolloniam
970 904 1070 965 studiis

88 990 193 1050 acavit.
216 989 312 1068 thue
326 990 446 1068 primum
463 991 591 1049 occisum
608 1005 672 1048 eum
689 987 885 1067 heredemque
903 1007 936 1048 se
953 1006 1070 1067 compe·

88 1076 120 1150 it,
145 1073 193 1134 diu
215 1080 363 1133 cunctatus
383 1092 419 1133 an
437 1073 584 1152 proximas
603 1071 739 1150 legiones
756 1072 942 1151 imploraret,
962 1073 991 1133 id
1011 1073 1070 1153 qui-

87 1174 134 1217 em
145 1157 297 1217 consilium
307 1165 338 1215 ut
349 1158 725 1237 praecepsinmatnrnmque
735 1159 841 1234 omisit,
858 1164 987 1218 ceterum
998 1156 1070 1217 urbe

88 1243 193 1321 epetita
220 1239 410 1300 hereditatem
438 1241 519 1318 adiit,
559 1240 706 1300 dubitante
732 1250 840 1317 matre,
870 1243 975 1301 vitrico
998 1256 1070 1301 vero

88 1325 178 1386 larcio
190 1323 325 1404 Philippo
339 1323 485 1385 consulari
505 1325 623 1384 multum
638 1323 833 1386 dissuadente.
864 1324 960 1406 Atque
978 1326 1014 1387 ab
1034 1341 1070 1384 eo

88 1425 202 1488 empore
220 1409 398 1470 exercitibus
417 1410 592 1489 comparatis
608 1410 728 1488 primum
751 1428 815 1470 oum
829 1409 868 1470 bl.
884 1409 1012 1470 Antonio
1031 1408 1070 1470 tl.

88 1511 125 1553 ue
146 1492 257 1572 Lepido
279 1492 382 1554 deinde
401 1503 508 1555 tantum
533 1511 597 1553 cum
617 1492 745 1553 Antonio
763 1513 817 1573 per
838 1493 989 1554 duodecim
1007 1493 1070 1554 fere

88 1594 178 1654 nuos,
198 1577 356 1637 novissime
375 1596 430 1657 per
449 1585 584 1657 quattuor
605 1584 635 1636 et
651 1575 839 1655 quadraginta
860 1577 941 1637 solus
961 1595 1022 1653 rem
1041 1596 1070 1656 p.

88 1662 168 1721 enuit.

134 1743 288 1824 Proposita
308 1745 385 1805 ritae
408 1744 470 1804 eius
482 1745 562 1805 velut
587 1763 708 1823 summa,
729 1753 828 1823 partes
841 1746 1008 1823 singillatim
1019 1754 1097 1811 neb

88 1847 125 1888 ne
149 1846 204 1907 per
221 1836 353 1907 tempora
370 1826 423 1887 sed
440 1846 494 1907 per
515 1830 630 1908 species
649 1846 810 1908 exsequar,
835 1848 892 1909 quo
911 1830 1072 1890 distinctius

88 1914 260 1973 emonstrari
276 1911 477 1991 cognoscique
492 1913 614 1992 possint.
640 1962 644 1973 ,

131 1995 214 2056 Bella
240 1994 336 2056 civilia
361 1997 487 2075 quinque
510 1997 618 2074 gessit:
652 1996 830 2072 Mutinense,
873 1995 1071 2076 Philippense,

88 2079 255 2158 crusinam,
279 2078 421 2156 Siculum,
444 2079 614 2148 Actiacum3
633 2079 769 2159 equibus
788 2079 908 2157 primum
926 2098 961 2139 ac
975 2081 1071 2139 novis·

88 2165 170 2223 imum
189 2163 330 2224 adversus
347 2162 386 2224 bl.
407 2162 577 2240 Antonium,
608 2163 765 2222 secundum
791 2162 931 2222 adversus
956 2163 1089 2223 Brutum·

88 2245 256 2324 thssinm,
275 2249 391 2308 tertium
402 2247 542 2308 adversus
559 2248 590 2307 h.
606 2245 761 2306 Antonium
781 2246 920 2306 triumviri
942 2247 1070 2325 fratrem,

88 2339 200 2392 uartum
220 2331 360 2392 adversus
380 2331 499 2392 Sextum
515 2332 682 2412 Pompeium
696 2330 755 2392 GN.
771 2329 805 2391 F.
836 2330 964 2390 Omnium
977 2331 1069 2391 bello·
1081 2339 1114 2394 10

88 2433 131 2476 um
152 2416 259 2476 initium
275 2425 304 2475 et
325 2433 439 2476 causam
454 2416 521 2476 hinc
545 2417 681 2495 sumpsit:
700 2415 769 2476 nihil
786 2417 1005 2476 convenientius
1023 2415 1071 2476 du·

88 2519 139 2560 ens
162 2518 246 2578 quam
268 2517 371 2560 necem
393 2501 526 2561 avunculi
544 2501 691 2561 vindicare
713 2502 845 2579 tuerique
868 2509 946 2579 acta,
973 2499 1070 2561 conie-

88 2585 134 2643 tim
152 2592 182 2642 ut
200 2582 359 2663 Apollonia
373 2584 475 2663 rediit,
499 2585 616 2645 Brutum
641 2582 829 2664 Cassiumque
853 2593 882 2644 et
907 2587 935 2644 vi
953 2584 1071 2664 necopi-

88 2667 161 2727 antis
180 2677 209 2727 et
226 2669 309 2748 (quia
327 2670 475 2747 provisum
499 2670 659 2748 periculum
683 2669 936 2746 subterfugerant)
955 2668 1071 2746 legibus

88 2749 190 2827 dgredi
214 2769 342 2830 reosque
362 2753 459 2812 caedis
482 2753 610 2813 absentis
631 2753 747 2814 deferre
773 2754 879 2814 statuit.
909 2752 1005 2811 Ludos
1024 2769 1072 2812 au·

88 2851 127 2894 rm
146 2835 288 2896 victoriae
307 2834 459 2914 Caesaris,
482 2856 541 2897 non
562 2838 734 2898 audentibus
755 2837 855 2897 iacere
879 2835 982 2915 quibus
998 2835 1071 2913 opti·

87 2927 153 2978 erat
167 2918 195 2977 id
206 2937 324 2997 munus,
350 2921 415 2998 ipse
431 2921 529 2981 edidit.
551 2922 589 2981 ldt
604 2940 662 3002 quo
686 2923 865 2983 constantius
885 2928 984 2979 cetera
1001 2935 1071 2997 quo·

88 3019 125 3060 ne
140 3012 352 3082 exequeretur,
376 3005 404 3063 in
426 3005 523 3066 locum
536 3006 594 3067 ΤΒ.
614 3005 667 3065 Ph.
688 3006 764 3066 forte
782 3005 923 3064 demortui
940 3001 1072 3062 candide-

88 3103 125 3144 ιιιι
144 3104 177 3145 se
199 3087 342 3165 ostendit,
369 3106 529 3168 quanquam
549 3090 687 3168 patricius
707 3089 831 3150 necdum
851 3095 978 3147 senator.
1013 3085 1073 3146 Sed

88 3168 242 3230 dversante
272 3171 423 3231 conatibus
450 3175 509 3233 suis
534 3173 573 3234 Μ.
594 3173 720 3234 Antonio
751 3171 885 3248 consule,
917 3188 1001 3250 quem
1023 3169 1072 3229 vel

89 3254 259 3333 raecipnum
279 3254 438 3316 adiutorem
464 3266 649 3336 speraverat,
679 3275 714 3317 ac
735 3275 772 3316 ne
790 3254 936 3334 publicum
958 3253 1072 3333 quidem

88 3345 98 3395 t
120 3337 320 3399 translativum
338 3340 383 3399 ius
399 3340 458 3401 nlla
480 3343 509 3400 in
524 3360 556 3400 re
574 3340 628 3398 sibi
645 3342 708 3400 sine
728 3339 865 3419 pactione
881 3339 1071 3416 gravissimae

88 3420 212 3482 lercedis
228 3424 429 3502 impertiente,
457 3424 492 3484 ad
508 3424 661 3502 optimates
680 3441 712 3483 se
734 3422 870 3500 contulit,
890 3422 1071 3502 quibuscum

88 3504 190 3565 rvisum
209 3505 372 3586 sentiebat,
395 3509 520 3568 maxime
539 3507 616 3587 quod
632 3508 667 3567 b.
686 3506 804 3568 Brutum
823 3507 975 3569 obsessum
990 3505 1072 3566 bluti-
