2256 3930
483 207 653 256 prusenus.
1003 197 1061 256 109

10 414 15 437 .,
60 364 174 423 nemin
195 361 286 421 insula
307 360 423 438 Pontia,
442 361 565 420 Drusum
589 361 618 420 in
637 361 692 422 ima
713 371 796 440 parte
820 361 930 422 Palatii.
962 361 1064 421 Putant

10 442 16 511 ζ
60 448 208 508 Neronem
229 445 265 504 ad
288 443 477 504 voluntariam
498 453 619 504 mortem
639 453 787 523 coactum,
810 463 873 505 curn
890 446 917 504 ei
933 445 1064 504 carnifex

10 528 15 609 ',
61 532 144 611 quasi
164 549 201 590 ex
223 537 339 589 senatus
360 530 530 588 auctoritate
555 529 659 589 missus
676 529 799 608 laqueos
815 537 844 588 et
858 545 951 588 uncos
967 536 1062 588 osten-

10 662 17 681 .
61 623 154 691 taret,
174 613 269 672 Druso
292 621 386 673 autem
408 612 483 672 adeo
506 611 640 672 alimenta
661 611 801 674 subducta
824 622 854 672 ut
874 620 1064 671 tomentume

10 686 21 784 ᾗ
42 699 169 759 sculcita
184 696 368 774 temptaverit
382 695 530 772 mandere,
542 694 690 755 amborum
704 697 748 755 sic
763 695 899 775 reliquias
916 695 1064 774 dispersas

10 780 19 867 ξ’
63 792 92 842 ut
108 783 158 841 vix
175 779 346 858 quandoque
363 779 464 856 colligi
478 788 608 858 possent.

10 896 16 935 ξ
126 866 220 943 Super
247 872 364 923 veteres
388 865 554 922 amicosne
581 863 739 923 familiares
767 863 870 940 viginti
899 861 953 921 sibi
979 872 1106 927 eno-55

10 942 14 951 ’
61 966 142 1010 mero
160 948 320 1027 principum
343 947 466 1005 civitatis
488 946 720 1025 depoposcerat,
738 946 819 1005 velut
834 946 1018 1006 consiliarios
1036 947 1065 1005 in

10 1082 14 1089 .
62 1034 189 1110 negotiis
217 1029 351 1109 publicis.
400 1029 509 1090 Horum
536 1031 587 1089 vix
617 1030 689 1090 duos
721 1048 795 1090 anne
821 1038 882 1089 tres
914 1028 1066 1089 incolumis

10 1112 13 1183 ζ
31 1131 53 1173 ro
62 1117 222 1198 praestitit,
250 1122 365 1174 ceteros
389 1114 474 1174 alium
496 1114 551 1174 alia
576 1113 612 1174 de
633 1132 719 1174 causa
741 1113 881 1192 perculit,
903 1113 977 1172 inter
993 1129 1066 1191 quos

10 1210 22 1283 ᾖ
63 1219 127 1260 cum
149 1199 336 1278 plurimorum
359 1197 441 1258 clade
461 1196 576 1258 Aelium
600 1198 748 1266 Seianum;
769 1195 909 1276 quemad
930 1214 1066 1256 summam

10 1330 17 1368 ,
62 1284 221 1364 potentiam
242 1300 299 1342 non
321 1291 378 1343 tam
398 1279 594 1342 benivolentia
616 1289 810 1361 provexerat,
833 1298 917 1358 quam
940 1289 970 1340 ut
987 1287 1067 1340 esset

10 1403 14 1450 ι
62 1371 143 1428 cuins
157 1366 316 1425 ministerio
328 1383 364 1426 ac
375 1365 522 1426 fraudibus
535 1365 645 1426 liberos
658 1364 819 1427 Germanioi
835 1364 1065 1441 circumveniret,

10 1512 12 1517 ,
60 1461 258 1530 nepotemque
280 1468 360 1508 snnm
378 1467 416 1508 ex
432 1449 528 1509 Druso
544 1449 603 1508 lilio
620 1449 778 1510 naturalem
795 1447 831 1507 ad
847 1449 1067 1508 successionem

18 1547 52 1593 rc
61 1535 175 1614 imperii
191 1534 382 1593 confirmaret.

123 1617 220 1678 Nihilo
242 1617 336 1676 lenior
355 1618 384 1675 in
407 1618 591 1677 convictores
615 1616 791 1693 Graeculos,
813 1615 917 1695 quibus
939 1615 986 1675 vel
1007 1619 1109 1676 maa-56

60 1705 139 1762 xime
156 1700 372 1779 adquieseebat.
406 1699 558 1760 Xenonem
574 1699 715 1778 quendam
741 1700 913 1778 exquisitius
929 1699 1066 1759 sermoci-

59 1796 176 1847 nantem
191 1802 254 1844 cum
268 1786 489 1861 interrogasset,
506 1802 645 1862 quaenam
660 1783 778 1844 illatam
788 1784 912 1843 molesta
924 1782 1067 1842 dialectos

62 1877 160 1945 essct,
180 1877 209 1927 et
224 1868 273 1926 ille
288 1867 489 1946 respondisset
502 1866 655 1943 Doridem,
671 1867 814 1944 relegavit
832 1865 989 1942 (linarium,
1006 1867 1066 1925 exi·

10 1966 50 2010 20
62 1954 181 2013 stimans
207 1950 413 2029 exprobratum
438 1951 494 2010 sibi
518 1959 648 2010 veterem
673 1968 833 2026 secessum,
861 1949 937 2028 quod
958 1948 1067 2008 Dorice

59 2035 169 2098 Rhodii
195 2034 357 2112 loquantur.
389 2034 461 2094 ltem
488 2052 552 2093 cnm
579 2034 690 2093 soleret
718 2052 755 2092 ex
776 2034 902 2093 lectione
925 2030 1068 2092 cotidiana

61 2119 252 2198 quaestiones
275 2134 365 2195 super
388 2135 504 2177 caenam
521 2133 690 2195 proponere
714 2126 742 2175 et
759 2117 950 2194 comperisset
966 2113 1067 2173 Seleu·

61 2221 128 2264 cum
148 2201 364 2278 grammaticum
386 2219 402 2261 a
419 2201 555 2259 ministris
570 2201 629 2259 suis
647 2201 835 2279 perquirere,
859 2215 934 2276 quos
952 2215 1067 2276 quoque

60 2298 197 2365 tempore
224 2292 362 2344 tractaret
387 2293 536 2360 auctores,
563 2293 650 2362 atque
671 2285 709 2343 ita
730 2290 932 2361 praeparatum
956 2282 1067 2356 venire,

10 2386 51 2429 2⁵
63 2373 187 2451 primum
200 2387 216 2428 a
233 2367 422 2428 contubernio
436 2368 569 2443 removit,
586 2367 689 2426 deinde
703 2367 788 2426 etiarn
803 2365 839 2426 ad
853 2375 974 2426 mortem
990 2382 1067 2424 com-

85 2455 146 2513 ulit.

61 2474 82 2534 p
127 2537 221 2596 Saeva
245 2553 280 2595 ac
304 2535 382 2595 lenta
402 2544 502 2595 natura
524 2553 561 2594 ne
578 2535 606 2593 in
623 2552 714 2613 puero
732 2532 845 2612 quidem
862 2533 958 2593 latuit:
984 2541 1107 2609 quamol

62 2620 236 2681 Theodorus
259 2618 406 2679 Gadareus
432 2619 597 2678 rhetoricae
623 2626 800 2696 praeceptor
824 2625 853 2676 et
877 2615 1068 2696 perspexisse

62 2705 173 2784 primus
194 2704 340 2780 sagaciter
361 2712 390 2763 et
411 2702 586 2763 assimilasse
602 2703 749 2780 aptissime
768 2701 846 2761 visus
863 2709 922 2777 est,
947 2697 1068 2757 subinde

24 2789 93 2847 coin
116 2787 297 2865 obiurgando
320 2787 472 2866 appellans
489 2804 553 2845 eum
568 2774 675 2864 πηλὸν
697 2782 809 2864 αἵματι
828 2775 1069 2863 πεφυραμένον

65 2867 107 2956 [id
122 2881 167 2931 est
182 2872 270 2930 lutum
286 2888 302 2930 a
319 2872 457 2947 sanguine
474 2865 670 2951 maceratum]
697 2869 754 2928 Sed
771 2868 917 2945 aliquanto
932 2864 1024 2942 magis
1040 2865 1069 2922 in

63 2956 197 3036 principe
212 2955 312 3030 eluxit,
324 2955 408 3012 etiam
420 2955 495 3013 inter
508 2954 588 3012 initia
601 2971 663 3012 cum
679 2951 770 3012 adhuc
782 2951 913 3010 savorem
924 2949 1069 3009 hominum

63 3038 271 3099 moderationis
296 3036 477 3097 simulatione
505 3045 643 3114 captaret.
687 3036 836 3111 Scurram,
864 3034 911 3112 qui
938 3038 1068 3110 praeter·

65 3132 151 3184 eunte
171 3123 273 3182 funere
297 3120 376 3179 clare
396 3129 509 3179 mortuo
526 3119 691 3195 mandarat,
712 3128 742 3177 ut
763 3118 905 3177 nuntiaret
922 3115 1068 3192 Augusto,

10 3205 199 3267 'ennodium
218 3203 311 3265 reddi
325 3203 430 3283 leqata
449 3220 529 3283 quae
541 3201 643 3280 plebei
655 3201 841 3280 reliquisset,
860 3199 1016 3260 a'dtraoturn
1034 3195 1070 3257 ad

64 3308 96 3350 se
121 3291 258 3368 recipere
285 3286 411 3347 debitum
438 3287 561 3364 ducique
588 3285 624 3344 ad
652 3285 825 3364 supplicium
846 3283 1013 3361 imperavit,
1041 3287 1069 3341 et

65 3373 141 3452 patri
157 3390 209 3432 suo
226 3390 327 3432 verum
341 3371 464 3430 referre.
498 3369 562 3429 Nec
577 3368 665 3428 multo
681 3377 749 3448 post
766 3370 795 3426 in
813 3377 913 3428 senatu
929 3365 1068 3444 Pompeio

10 3528 15 3533 ¹
65 3455 177 3518 cuidam
197 3456 285 3537 equiti
306 3456 341 3516 R.
364 3454 496 3535 quiddam
519 3454 704 3532 perneganti,
727 3452 791 3512 dum
809 3451 927 3512 vinc'ula
939 3451 1068 3526 minatur,
