2256 3930
453 237 624 285 TIBERIUS.
984 232 1043 294 117

10 409 14 432 ‘-
35 393 127 455 modo
143 392 313 469 destinavit,
334 408 392 450 non
414 400 523 450 temere
544 393 696 471 quicquam
712 394 767 453 nisi
783 413 821 454 ex
833 405 893 455 tuto
911 415 1042 460 ausurus.

34 479 99 539 Sed
117 475 339 555 tempestatibus
358 484 386 534 et
400 477 624 552 ingravescente
641 478 668 535 vi
685 477 779 537 morbi
794 488 935 558 retentus,
954 483 1041 561 paulo

31 571 107 642 post
123 561 194 620 obiit
213 560 241 618 in
259 559 328 620 villa
344 558 515 636 Lucullana,
536 569 641 620 octavo
658 565 922 640 etseptuagesimo
939 569 1043 627 aetatis

32 665 125 720 anno,
152 646 238 703 tertio
267 650 296 702 et
316 644 456 703 vicesimo
474 644 597 721 imperii,
627 644 719 703 XVII.
733 645 779 704 lll.
795 647 852 725 Ap.
875 647 933 707 GN.
949 649 1041 710 Acer·

10 731 124 793 rronio
141 726 266 788 Proculo
282 724 315 786 (l.
332 727 435 787 Pontio
447 726 569 802 Nigrino
584 745 681 794 conss.

101 814 172 872 Sunt
189 812 237 890 qui
253 819 369 890 putent,
393 828 536 869 venenum
551 812 577 869 ei
594 829 610 870 a
628 811 698 872 Gaio
718 811 813 872 datum
831 813 939 874 lentum
955 826 1041 896 atque

30 897 198 965 tabificum;
223 895 290 972 alii,
314 895 344 954 in
365 895 537 954 remissione
555 895 690 954 fortuitae
711 895 802 955 febris
819 897 913 958 cibum
928 898 1040 960 deside·

29 983 110 1042 ranti
129 988 282 1057 negatum3
300 978 446 1055 nonnulli,
470 978 616 1057 pulvinum
634 980 778 1056 iniectum,
801 999 864 1041 cum
880 992 1041 1044 extractum

31 1065 93 1126 sibi
115 1064 261 1124 deficienti
283 1062 396 1124 anulum
410 1080 478 1121 mox
499 1063 677 1142 resipiscens
700 1066 882 1142 requisisset.
927 1067 1040 1127 Seneca

10 1167 106 1210 teum
119 1148 235 1223 scribit,
257 1146 405 1206 intellecta
427 1146 609 1222 deiectione,
632 1157 796 1225 exemptum
820 1150 934 1208 anulum
958 1153 1040 1230 quasi

33 1233 124 1293 alicui
143 1231 309 1291 traditurum
325 1247 481 1309 parumper
501 1232 646 1305 tenuisse,
670 1229 734 1290 dein
750 1250 849 1291 rursus
864 1243 981 1312 aptasse
998 1234 1039 1294 di·

33 1319 119 1394 gito,
148 1325 176 1374 et
201 1332 370 1392 compressa
396 1316 511 1373 sinistra
532 1332 617 1374 manu
639 1315 765 1374 iacuisse
783 1315 828 1374 diu
850 1317 1038 1389 immobilem;
1063 1357 1065 1361 -

35 1401 134 1459 subito
147 1401 260 1458 vocatis
272 1399 408 1457 ministris
421 1416 456 1458 ac
468 1400 581 1457 nemine
593 1398 799 1476 respondente,
809 1403 1039 1482 consurrexisse,

35 1504 94 1544 nec
111 1483 213 1564 procul
230 1482 367 1544 alectulo
386 1481 587 1542 deficientibus
602 1482 711 1542 viribus
725 1482 899 1543 concidisse.

10 1585 25 1624 s
104 1569 246 1646 Supremo
258 1567 345 1627 natali
361 1583 413 1625 suo
432 1564 601 1643 Apollinem
614 1565 791 1626 Temenitem
804 1576 833 1626 et
848 1569 1039 1648 amplitudinis
1047 1575 1079 1632 m

36 1663 67 1713 et
80 1653 150 1711 artis
168 1653 305 1728 eximiae,
325 1650 478 1710 advectum
494 1651 647 1725 Syracusis
665 1659 694 1708 nt
706 1651 734 1708 in
750 1650 927 1713 bibliotheca
939 1654 1039 1733 templi

35 1737 106 1796 novi
123 1745 297 1815 poneretur,
320 1734 432 1794 viderat
455 1750 509 1812 per
530 1734 655 1812 quietern
678 1735 868 1796 affirmantem
888 1736 960 1816 sibi,
982 1754 1039 1797 non

36 1838 129 1900 posse
146 1838 178 1880 se
199 1818 234 1879 ab
250 1821 317 1898 ipso
330 1818 467 1878 dedicari.
502 1818 539 1877 Et
555 1826 620 1877 ante
633 1835 744 1898 paucos
761 1836 847 1897 quam
865 1820 960 1881 obiret
976 1821 1039 1881 dies

35 1905 126 1964 turris
147 1903 232 1964 Phari
255 1913 351 1964 torrae
369 1910 448 1961 motu
467 1899 588 1980 Capreis
611 1902 745 1962 concidit.
782 1903 828 1962 Ac
843 1904 946 1963 Miseni
968 1905 1039 1964 cinis

10 2003 53 2049 ne
72 1988 171 2048 iavilla
188 1996 217 2046 et
234 1986 407 2048 carbonibus
424 1984 459 2046 ad
472 1985 679 2046 calfaciendum
697 1986 849 2046 triclinium
864 1988 972 2065 inlatis,
989 2006 1038 2047 ex·

36 2074 144 2134 tinctus
159 2073 215 2130 iarn
230 2080 258 2130 et
272 2069 318 2130 din
335 2069 465 2148 frigidus,
483 2072 590 2130 exarsit
606 2079 728 2148 repente
747 2071 838 2149 prima
857 2088 983 2149 vespera
999 2080 1038 2131 at-

37 2175 95 2235 que
112 2157 140 2214 in
153 2154 270 2214 multam
286 2163 401 2213 noctem
417 2155 605 2232 pertinaciter
623 2154 704 2213 luxit.

103 2239 198 2299 Morte
216 2239 278 2297 eius
296 2239 334 2297 ita
355 2237 477 2298 laetatus
499 2247 544 2298 est
562 2237 703 2317 populus,
726 2245 756 2296 ut
777 2236 812 2297 ad
830 2238 949 2316 primurn
970 2255 1081 2312 nun-75

37 2325 106 2383 tium
125 2322 321 2382 discurrentes
340 2339 424 2401 pars:
450 2320 603 2382 Tiberium
620 2320 652 2381 iu
675 2319 828 2381 Tiberim!
848 2321 1038 2401 clamitarent,

10 2425 106 2487 ppars
122 2406 240 2466 Terram
251 2414 370 2466 matrem
388 2404 520 2484 deosque
534 2405 634 2466 Manes
649 2413 781 2484 orarent,
803 2424 842 2466 uc
854 2412 975 2467 mortuo
991 2423 1038 2466 ce·

10 2515 13 2551 ι
37 2491 105 2552 dem
121 2490 218 2551 ullum
230 2489 292 2550 uui
304 2489 384 2550 iuter
395 2489 508 2568 impios
522 2489 643 2566 durent,
661 2489 707 2549 alii
723 2508 825 2550 uncum
843 2498 872 2550 et
885 2489 1039 2552 Gemonias

10 2575 174 2635 ‘cadaveri
193 2576 385 2651 minarentur,
413 2573 581 2635 exacerbati
603 2592 691 2653 super
709 2575 874 2635 memoriam
900 2576 1039 2653 pristinae

10 2666 16 2719 t
39 2659 219 2719 crudelitatis
234 2661 318 2720 etiam
333 2659 445 2718 recenti
461 2659 622 2718 atrocitate.
660 2657 733 2717 Nam
753 2677 816 2718 cum
834 2667 952 2719 senatus
971 2676 1038 2718 con-

10 2746 17 2804 l
38 2744 113 2802 salto
132 2752 243 2803 cautum
259 2752 338 2803 esset
351 2751 381 2802 ut
399 2759 495 2822 poena
510 2741 706 2802 damnatorum
720 2743 749 2801 in
768 2741 909 2802 decimum
924 2759 1040 2819 semper

10 2828 114 2903 pdiem
130 2826 304 2904 differretur,
327 2827 404 2886 forte
420 2825 525 2887 accidit
543 2835 573 2885 ut
593 2824 770 2905 quorundam
785 2825 921 2904 supplicii
936 2823 998 2883 dies
1014 2825 1040 2884 is

10 2932 14 2971 t
36 2920 128 2987 esset,
146 2928 203 2989 quo
221 2912 377 2971 nuntiatum
393 2909 427 2968 de
442 2908 560 2969 Tiberio
579 2918 650 2969 erat.
680 2908 741 2968 Hos
756 2909 934 2987 implorantis
949 2907 1039 2967 bomi-

10 3016 12 3037 ι
34 3014 102 3056 num
119 2995 220 3071 iidem,
244 2995 310 3074 quia
327 2994 447 3053 absente
464 2993 559 3053 adhuc
578 2993 648 3053 Gaio
664 3010 748 3051 nemo
765 2991 882 3051 extabat
903 2993 950 3069 qui
967 2989 1039 3050 adiri

32 3078 278 3157 interpellarIque
295 3085 413 3156 posset,
433 3076 584 3152 custodes,
605 3094 642 3135 ne
660 3075 728 3154 quid
744 3075 885 3135 adversus
903 3076 1039 3134 constitu-

31 3172 94 3223 tum
115 3163 263 3239 iacerent,
293 3161 546 3236 strangulaverunt
569 3159 795 3237 abieceruntque
819 3159 847 3216 in
875 3156 1037 3218 Gemonias.

10 3264 16 3301 t
32 3247 139 3309 Crevit
154 3247 242 3324 igitur
260 3246 383 3321 invidia,
406 3245 486 3321 quasi
499 3244 584 3302 etiam
599 3251 666 3322 post
680 3251 802 3302 mortem
816 3243 928 3316 tyranni
944 3243 1037 3301 saevi·

29 3334 73 3393 tia
90 3340 289 3416 permanenpe.
327 3328 442 3406 Corpus
460 3335 490 3386 ut
504 3327 617 3385 moveri
630 3344 646 3385 a
661 3325 773 3385 Miseno
790 3325 903 3404 coepit,
921 3325 1037 3386 concla-

27 3414 179 3477 mantibus
194 3413 343 3494 plerisque
354 3409 487 3473 Atellam
497 3409 602 3488 potius
617 3407 816 3488 deferendum
830 3414 859 3470 et
873 3408 905 3470 iu
919 3408 1036 3490 umpbi·
