<?xml version="1.0" encoding="UTF-8"?>
<!DOCTYPE html PUBLIC "-//W3C//DTD XHTML 1.0 Transitional//EN"
    "http://www.w3.org/TR/xhtml1/DTD/xhtml1-transitional.dtd">
<html xmlns="http://www.w3.org/1999/xhtml" xml:lang="en" lang="en">
 <head>
  <title>
</title>
<meta http-equiv="Content-Type" content="text/html;charset=utf-8" />
  <meta name='ocr-system' content='tesseract 3.04.00' />
  <meta name='ocr-capabilities' content='ocr_page ocr_carea ocr_par ocr_line ocrx_word'/>
</head>
<body>
  <div class='ocr_page' id='page_1' title='image "./csuetonitranqui01suetgoog_0368.png"; bbox 0 0 2286 3944; ppageno 0'>
   <div class='ocr_carea' id='block_1_1' title="bbox 409 196 1057 260">
    <p class='ocr_par' dir='ltr' id='par_1_1' title="bbox 409 196 1057 260">
     <span class='ocr_line' id='line_1_1' title="bbox 409 196 1057 260; baseline 0.005 -4"><span class='ocrx_word' id='word_1_1' title='bbox 409 211 457 258; x_wconf 82' lang='lat' dir='ltr'><em>nu</em></span> <span class='ocrx_word' id='word_1_2' title='bbox 476 209 725 258; x_wconf 76' lang='lat' dir='ltr'><em>aauuuamers.</em></span> <span class='ocrx_word' id='word_1_3' title='bbox 995 196 1057 260; x_wconf 80' lang='grc'><em>263</em></span> 
     </span>
    </p>
   </div>
   <div class='ocr_carea' id='block_1_2' title="bbox 18 369 1107 3536">
    <p class='ocr_par' dir='ltr' id='par_1_2' title="bbox 18 369 863 1192">
     <span class='ocr_line' id='line_1_2' title="bbox 214 369 641 441; baseline -0.007 -15"><span class='ocrx_word' id='word_1_4' title='bbox 214 369 331 427; x_wconf 83' lang='lat' dir='ltr'><em>Racemi</em></span> <span class='ocrx_word' id='word_1_5' title='bbox 343 369 398 425; x_wconf 87' lang='lat' dir='ltr'><em>duo</em></span> <span class='ocrx_word' id='word_1_6' title='bbox 416 370 505 441; x_wconf 80' lang='lat' dir='ltr'><em>tepula</em></span> <span class='ocrx_word' id='word_1_7' title='bbox 519 369 568 424; x_wconf 84' lang='lat' dir='ltr'><em>sud</em></span> <span class='ocrx_word' id='word_1_8' title='bbox 583 385 641 423; x_wconf 91' lang='lat' dir='ltr'><em>uno</em></span> 
     </span>
     <span class='ocr_line' id='line_1_3' title="bbox 214 453 803 523; baseline -0.008 -13"><span class='ocrx_word' id='word_1_9' title='bbox 214 453 259 510; x_wconf 82' lang='lat' dir='ltr'><em>Ad</em></span> <span class='ocrx_word' id='word_1_10' title='bbox 270 468 404 509; x_wconf 90' lang='lat' dir='ltr'><em>summam</em></span> <span class='ocrx_word' id='word_1_11' title='bbox 413 467 506 523; x_wconf 80' lang='lat' dir='ltr'><em>prope</em></span> <span class='ocrx_word' id='word_1_12' title='bbox 521 455 645 507; x_wconf 85' lang='lat' dir='ltr'><em>nutriant</em></span> <span class='ocrx_word' id='word_1_13' title='bbox 657 457 803 508; x_wconf 78' lang='lat' dir='ltr'><em>senectam.</em></span> 
     </span>
     <span class='ocr_line' id='line_1_4' title="bbox 55 533 228 597; baseline -0.029 0"><span class='ocrx_word' id='word_1_14' title='bbox 55 533 99 597; x_wconf 82' lang='lat' dir='ltr'><em>m</em></span> <span class='ocrx_word' id='word_1_15' title='bbox 115 550 228 594; x_wconf 88' lang='lat' dir='ltr'><em>rursus:</em></span> 
     </span>
     <span class='ocr_line' id='line_1_5' title="bbox 214 619 737 690; baseline -0.008 -12"><span class='ocrx_word' id='word_1_16' title='bbox 214 622 322 678; x_wconf 80' lang='lat' dir='ltr'><em>Catonis</em></span> <span class='ocrx_word' id='word_1_17' title='bbox 336 620 429 690; x_wconf 83' lang='lat' dir='ltr'><em>modo,</em></span> <span class='ocrx_word' id='word_1_18' title='bbox 445 620 536 687; x_wconf 81' lang='lat' dir='ltr'><strong><em>Galle,</em></strong></span> <span class='ocrx_word' id='word_1_19' title='bbox 553 619 737 675; x_wconf 83' lang='lat' dir='ltr'><em>Tusculanum</em></span> 
     </span>
     <span class='ocr_line' id='line_1_6' title="bbox 21 703 677 761; baseline -0.006 0"><span class='ocrx_word' id='word_1_20' title='bbox 21 719 40 761; x_wconf 72' lang='grc' dir='ltr'>ι</span> <span class='ocrx_word' id='word_1_21' title='bbox 217 705 284 760; x_wconf 84' lang='lat' dir='ltr'><em>Tota</em></span> <span class='ocrx_word' id='word_1_22' title='bbox 298 705 417 759; x_wconf 77' lang='lat' dir='ltr'><strong><em>creditor</em></strong></span> <span class='ocrx_word' id='word_1_23' title='bbox 431 705 499 760; x_wconf 82' lang='lat' dir='ltr'><em>urbe</em></span> <span class='ocrx_word' id='word_1_24' title='bbox 515 703 677 759; x_wconf 76' lang='lat' dir='ltr'><em>aeroditaoat.</em></span> 
     </span>
     <span class='ocr_line' id='line_1_7' title="bbox 215 787 736 859; baseline -0.006 -16"><span class='ocrx_word' id='word_1_25' title='bbox 215 787 313 843; x_wconf 91' lang='lat' dir='ltr'><em>Mirati</em></span> <span class='ocrx_word' id='word_1_26' title='bbox 324 801 432 857; x_wconf 87' lang='lat' dir='ltr'><em>sumus,</em></span> <span class='ocrx_word' id='word_1_27' title='bbox 448 789 558 844; x_wconf 89' lang='lat' dir='ltr'><em>unicum</em></span> <span class='ocrx_word' id='word_1_28' title='bbox 568 789 736 859; x_wconf 77' lang='lat' dir='ltr'><em>mapistrum,</em></span> 
     </span>
     <span class='ocr_line' id='line_1_8' title="bbox 216 871 863 943; baseline -0.006 -16"><span class='ocrx_word' id='word_1_29' title='bbox 216 871 356 927; x_wconf 86' lang='lat' dir='ltr'><em>Summum</em></span> <span class='ocrx_word' id='word_1_30' title='bbox 370 873 596 943; x_wconf 77' lang='lat' dir='ltr'><em>prammaticum,</em></span> <span class='ocrx_word' id='word_1_31' title='bbox 611 873 739 940; x_wconf 87' lang='lat' dir='ltr'><em>optimum</em></span> <span class='ocrx_word' id='word_1_32' title='bbox 755 874 863 939; x_wconf 85' lang='lat' dir='ltr'><em>poetam</em></span> 
     </span>
     <span class='ocr_line' id='line_1_9' title="bbox 218 954 721 1027; baseline -0.006 -16"><span class='ocrx_word' id='word_1_33' title='bbox 218 954 316 1011; x_wconf 82' lang='lat' dir='ltr'><em>Omnes</em></span> <span class='ocrx_word' id='word_1_34' title='bbox 329 957 434 1012; x_wconf 86' lang='lat' dir='ltr'><em>soluere</em></span> <span class='ocrx_word' id='word_1_35' title='bbox 443 970 528 1027; x_wconf 84' lang='lat' dir='ltr'><em>posse</em></span> <span class='ocrx_word' id='word_1_36' title='bbox 541 957 721 1026; x_wconf 79' lang='lat' dir='ltr'><em>quaestiones,</em></span> 
     </span>
     <span class='ocr_line' id='line_1_10' title="bbox 222 1038 705 1111; baseline -0.008 -16"><span class='ocrx_word' id='word_1_37' title='bbox 222 1038 309 1095; x_wconf 88' lang='lat' dir='ltr'><em>Unum</em></span> <span class='ocrx_word' id='word_1_38' title='bbox 325 1038 437 1111; x_wconf 73' lang='lat' dir='ltr'><em>difficile</em></span> <span class='ocrx_word' id='word_1_39' title='bbox 450 1039 584 1110; x_wconf 72' lang='lat' dir='ltr'><em>expedire</em></span> <span class='ocrx_word' id='word_1_40' title='bbox 597 1053 705 1094; x_wconf 87' lang='lat' dir='ltr'><em>nomen.</em></span> 
     </span>
     <span class='ocr_line' id='line_1_11' title="bbox 18 1122 762 1192; baseline -0.003 -14"><span class='ocrx_word' id='word_1_41' title='bbox 18 1135 50 1179; x_wconf 80' lang='grc' dir='ltr'><em>ιο</em></span> <span class='ocrx_word' id='word_1_42' title='bbox 217 1122 263 1177; x_wconf 81' lang='lat' dir='ltr'><em>En</em></span> <span class='ocrx_word' id='word_1_43' title='bbox 275 1138 324 1178; x_wconf 92' lang='lat' dir='ltr'><em>cor</em></span> <span class='ocrx_word' id='word_1_44' title='bbox 337 1122 479 1192; x_wconf 77' lang='lat' dir='ltr'><em>Zenodoti,</em></span> <span class='ocrx_word' id='word_1_45' title='bbox 494 1137 528 1177; x_wconf 92' lang='lat' dir='ltr'><em>en</em></span> <span class='ocrx_word' id='word_1_46' title='bbox 541 1123 618 1178; x_wconf 90' lang='lat' dir='ltr'><em>iecur</em></span> <span class='ocrx_word' id='word_1_47' title='bbox 633 1122 762 1178; x_wconf 73' lang='lat' dir='ltr'><em>Cratetis!</em></span> 
     </span>
    </p>

    <p class='ocr_par' dir='ltr' id='par_1_3' title="bbox 61 1198 1103 1531">
     <span class='ocr_line' id='line_1_12' title="bbox 127 1198 1103 1280; baseline -0.003 -19"><span class='ocrx_word' id='word_1_48' title='bbox 127 1199 280 1262; x_wconf 76' lang='lat' dir='ltr'><em>Cornelius</em></span> <span class='ocrx_word' id='word_1_49' title='bbox 294 1200 459 1280; x_wconf 80' lang='lat' dir='ltr'><em>Epicadus,</em></span> <span class='ocrx_word' id='word_1_50' title='bbox 474 1202 505 1261; x_wconf 87' lang='lat' dir='ltr'><em>L.</em></span> <span class='ocrx_word' id='word_1_51' title='bbox 518 1199 644 1261; x_wconf 80' lang='lat' dir='ltr'><em>Cornelii</em></span> <span class='ocrx_word' id='word_1_52' title='bbox 660 1200 759 1276; x_wconf 74' lang='lat' dir='ltr'><em>Syllae</em></span> <span class='ocrx_word' id='word_1_53' title='bbox 775 1199 923 1259; x_wconf 88' lang='lat' dir='ltr'><em>dictatoris</em></span> <span class='ocrx_word' id='word_1_54' title='bbox 941 1198 1061 1259; x_wconf 89' lang='lat' dir='ltr'><em>libertus</em></span> <span class='ocrx_word' id='word_1_55' title='bbox 1068 1207 1103 1262; x_wconf 74' lang='lat'><em>12</em></span> 
     </span>
     <span class='ocr_line' id='line_1_13' title="bbox 62 1283 1059 1364; baseline -0.003 -18"><span class='ocrx_word' id='word_1_56' title='bbox 62 1284 234 1364; x_wconf 84' lang='lat' dir='ltr'><em>calatorque</em></span> <span class='ocrx_word' id='word_1_57' title='bbox 249 1286 277 1344; x_wconf 90' lang='lat' dir='ltr'><em>in</em></span> <span class='ocrx_word' id='word_1_58' title='bbox 300 1285 464 1346; x_wconf 85' lang='lat' dir='ltr'><em>sacerdotio</em></span> <span class='ocrx_word' id='word_1_59' title='bbox 481 1285 626 1362; x_wconf 80' lang='lat' dir='ltr'><em>augurali,</em></span> <span class='ocrx_word' id='word_1_60' title='bbox 651 1284 710 1344; x_wconf 87' lang='lat' dir='ltr'><em>tilio</em></span> <span class='ocrx_word' id='word_1_61' title='bbox 736 1300 851 1362; x_wconf 89' lang='lat' dir='ltr'><em>quoque</em></span> <span class='ocrx_word' id='word_1_62' title='bbox 876 1284 937 1343; x_wconf 88' lang='lat' dir='ltr'><em>eius</em></span> <span class='ocrx_word' id='word_1_63' title='bbox 952 1283 1059 1343; x_wconf 85' lang='lat' dir='ltr'><em>Fausto</em></span> 
     </span>
     <span class='ocr_line' id='line_1_14' title="bbox 61 1367 1061 1447; baseline -0.001 -20"><span class='ocrx_word' id='word_1_64' title='bbox 61 1368 245 1446; x_wconf 77' lang='lat' dir='ltr'><em>gratissimus</em></span> <span class='ocrx_word' id='word_1_65' title='bbox 265 1369 329 1438; x_wconf 90' lang='lat' dir='ltr'><em>luit;</em></span> <span class='ocrx_word' id='word_1_66' title='bbox 355 1387 445 1447; x_wconf 88' lang='lat' dir='ltr'><em>quare</em></span> <span class='ocrx_word' id='word_1_67' title='bbox 466 1387 608 1446; x_wconf 89' lang='lat' dir='ltr'><em>nunquam</em></span> <span class='ocrx_word' id='word_1_68' title='bbox 631 1385 687 1428; x_wconf 89' lang='lat' dir='ltr'><em>uon</em></span> <span class='ocrx_word' id='word_1_69' title='bbox 709 1370 858 1445; x_wconf 89' lang='lat' dir='ltr'><em>utriusque</em></span> <span class='ocrx_word' id='word_1_70' title='bbox 876 1385 908 1426; x_wconf 88' lang='lat' dir='ltr'><em>se</em></span> <span class='ocrx_word' id='word_1_71' title='bbox 927 1367 1061 1427; x_wconf 88' lang='lat' dir='ltr'><em>libertum</em></span> 
     </span>
     <span class='ocr_line' id='line_1_15' title="bbox 63 1450 1060 1531; baseline -0.002 -19"><span class='ocrx_word' id='word_1_72' title='bbox 63 1451 164 1512; x_wconf 87' lang='lat' dir='ltr'><em>edidit.</em></span> <span class='ocrx_word' id='word_1_73' title='bbox 204 1451 318 1512; x_wconf 88' lang='lat' dir='ltr'><em>Librum</em></span> <span class='ocrx_word' id='word_1_74' title='bbox 341 1462 451 1529; x_wconf 90' lang='lat' dir='ltr'><em>autem,</em></span> <span class='ocrx_word' id='word_1_75' title='bbox 475 1471 560 1531; x_wconf 87' lang='lat' dir='ltr'><em>quem</em></span> <span class='ocrx_word' id='word_1_76' title='bbox 582 1451 663 1526; x_wconf 78' lang='lat' dir='ltr'><em>Sylla</em></span> <span class='ocrx_word' id='word_1_77' title='bbox 680 1452 865 1512; x_wconf 84' lang='lat' dir='ltr'><em>novissimum</em></span> <span class='ocrx_word' id='word_1_78' title='bbox 886 1451 929 1511; x_wconf 92' lang='lat' dir='ltr'><em>de</em></span> <span class='ocrx_word' id='word_1_79' title='bbox 951 1450 1060 1511; x_wconf 88' lang='lat' dir='ltr'><em>rebus</em></span> 
     </span>
    </p>

    <p class='ocr_par' dir='ltr' id='par_1_4' title="bbox 24 1536 801 1614">
     <span class='ocr_line' id='line_1_16' title="bbox 24 1536 801 1614; baseline 0.003 -22"><span class='ocrx_word' id='word_1_80' title='bbox 24 1536 145 1596; x_wconf 76' lang='lat' dir='ltr'><em>saeuis</em></span> <span class='ocrx_word' id='word_1_81' title='bbox 162 1536 362 1614; x_wconf 81' lang='lat' dir='ltr'><em>imperfectum</em></span> <span class='ocrx_word' id='word_1_82' title='bbox 376 1536 548 1614; x_wconf 81' lang='lat' dir='ltr'><em>reliquerat,</em></span> <span class='ocrx_word' id='word_1_83' title='bbox 565 1537 630 1613; x_wconf 91' lang='lat' dir='ltr'><em>ipse</em></span> <span class='ocrx_word' id='word_1_84' title='bbox 645 1536 801 1614; x_wconf 89' lang='lat' dir='ltr'><em>supplevit.</em></span> 
     </span>
    </p>

    <p class='ocr_par' dir='ltr' id='par_1_5' title="bbox 63 1617 1107 1949">
     <span class='ocr_line' id='line_1_17' title="bbox 128 1617 1107 1698; baseline -0.001 -19"><span class='ocrx_word' id='word_1_85' title='bbox 128 1617 277 1679; x_wconf 86' lang='lat' dir='ltr'><em>Staberius</em></span> <span class='ocrx_word' id='word_1_86' title='bbox 299 1618 376 1679; x_wconf 81' lang='lat' dir='ltr'><em>Eros</em></span> <span class='ocrx_word' id='word_1_87' title='bbox 395 1629 507 1679; x_wconf 89' lang='lat' dir='ltr'><em>suomet</em></span> <span class='ocrx_word' id='word_1_88' title='bbox 523 1638 593 1679; x_wconf 90' lang='lat' dir='ltr'><em>aere</em></span> <span class='ocrx_word' id='word_1_89' title='bbox 606 1628 719 1698; x_wconf 89' lang='lat' dir='ltr'><em>emptus</em></span> <span class='ocrx_word' id='word_1_90' title='bbox 731 1619 767 1678; x_wconf 89' lang='lat' dir='ltr'><em>de</em></span> <span class='ocrx_word' id='word_1_91' title='bbox 780 1627 888 1680; x_wconf 84' lang='lat' dir='ltr'><em>catasta</em></span> <span class='ocrx_word' id='word_1_92' title='bbox 900 1627 928 1678; x_wconf 92' lang='lat' dir='ltr'><em>et</em></span> <span class='ocrx_word' id='word_1_93' title='bbox 940 1627 1062 1698; x_wconf 93' lang='lat' dir='ltr'><em>propter</em></span> <span class='ocrx_word' id='word_1_94' title='bbox 1070 1624 1107 1678; x_wconf 77' lang='lat'><em>1³</em></span> 
     </span>
     <span class='ocr_line' id='line_1_18' title="bbox 63 1702 1062 1778; baseline -0.003 -15"><span class='ocrx_word' id='word_1_95' title='bbox 63 1704 224 1764; x_wconf 83' lang='lat' dir='ltr'><em>litterarum</em></span> <span class='ocrx_word' id='word_1_96' title='bbox 240 1702 361 1762; x_wconf 90' lang='lat' dir='ltr'><em>studium</em></span> <span class='ocrx_word' id='word_1_97' title='bbox 374 1706 577 1778; x_wconf 80' lang='lat' dir='ltr'><em>manumissus,</em></span> <span class='ocrx_word' id='word_1_98' title='bbox 601 1702 699 1778; x_wconf 81' lang='lat' dir='ltr'><em>docuit</em></span> <span class='ocrx_word' id='word_1_99' title='bbox 714 1705 789 1762; x_wconf 89' lang='lat' dir='ltr'><em>iuter</em></span> <span class='ocrx_word' id='word_1_100' title='bbox 816 1712 930 1762; x_wconf 86' lang='lat' dir='ltr'><em>ceteros</em></span> <span class='ocrx_word' id='word_1_101' title='bbox 947 1702 1062 1761; x_wconf 82' lang='lat' dir='ltr'>Brutum</span> 
     </span>
     <span class='ocr_line' id='line_1_19' title="bbox 64 1785 1061 1866; baseline -0.004 -18"><span class='ocrx_word' id='word_1_102' title='bbox 64 1795 96 1848; x_wconf 85' lang='lat' dir='ltr'><em>et</em></span> <span class='ocrx_word' id='word_1_103' title='bbox 111 1785 251 1847; x_wconf 80' lang='lat' dir='ltr'><em>Gessium.</em></span> <span class='ocrx_word' id='word_1_104' title='bbox 281 1787 352 1846; x_wconf 88' lang='lat' dir='ltr'><em>Sunt</em></span> <span class='ocrx_word' id='word_1_105' title='bbox 368 1789 416 1866; x_wconf 89' lang='lat' dir='ltr'><em>qui</em></span> <span class='ocrx_word' id='word_1_106' title='bbox 430 1787 541 1847; x_wconf 84' lang='lat' dir='ltr'><em>tradant</em></span> <span class='ocrx_word' id='word_1_107' title='bbox 558 1795 634 1846; x_wconf 87' lang='lat' dir='ltr'><em>tanta</em></span> <span class='ocrx_word' id='word_1_108' title='bbox 649 1804 713 1846; x_wconf 92' lang='lat' dir='ltr'><em>eum</em></span> <span class='ocrx_word' id='word_1_109' title='bbox 725 1787 876 1846; x_wconf 89' lang='lat' dir='ltr'><em>honestate</em></span> <span class='ocrx_word' id='word_1_110' title='bbox 892 1785 1061 1864; x_wconf 86' lang='lat' dir='ltr'><em>praeditum,</em></span> 
     </span>
     <span class='ocr_line' id='line_1_20' title="bbox 64 1869 1062 1949; baseline -0.003 -18"><span class='ocrx_word' id='word_1_111' title='bbox 64 1879 96 1931; x_wconf 87' lang='lat' dir='ltr'><em>ut</em></span> <span class='ocrx_word' id='word_1_112' title='bbox 115 1869 295 1948; x_wconf 80' lang='lat' dir='ltr'><em>temporibus</em></span> <span class='ocrx_word' id='word_1_113' title='bbox 314 1870 439 1946; x_wconf 79' lang='lat' dir='ltr'>Syllanis</span> <span class='ocrx_word' id='word_1_114' title='bbox 461 1870 688 1949; x_wconf 79' lang='lat' dir='ltr'><em>proscriptorum</em></span> <span class='ocrx_word' id='word_1_115' title='bbox 712 1871 821 1930; x_wconf 89' lang='lat' dir='ltr'><em>liberos</em></span> <span class='ocrx_word' id='word_1_116' title='bbox 841 1870 932 1946; x_wconf 81' lang='lat' dir='ltr'><em>gratis</em></span> <span class='ocrx_word' id='word_1_117' title='bbox 949 1878 979 1929; x_wconf 86' lang='lat' dir='ltr'><em>et</em></span> <span class='ocrx_word' id='word_1_118' title='bbox 1001 1870 1062 1928; x_wconf 86' lang='lat' dir='ltr'><em>sine</em></span> 
     </span>
    </p>

    <p class='ocr_par' dir='ltr' id='par_1_6' title="bbox 25 1953 681 2033">
     <span class='ocr_line' id='line_1_21' title="bbox 25 1953 681 2033; baseline -0.006 -17"><span class='ocrx_word' id='word_1_119' title='bbox 25 1973 55 2016; x_wconf 76' lang='lat' dir='ltr'><em>so</em></span> <span class='ocrx_word' id='word_1_120' title='bbox 64 1953 201 2015; x_wconf 85' lang='lat' dir='ltr'><em>mercede</em></span> <span class='ocrx_word' id='word_1_121' title='bbox 215 1954 273 2014; x_wconf 85' lang='lat' dir='ltr'><em>ulla</em></span> <span class='ocrx_word' id='word_1_122' title='bbox 287 1956 316 2013; x_wconf 91' lang='lat' dir='ltr'><em>in</em></span> <span class='ocrx_word' id='word_1_123' title='bbox 332 1954 511 2033; x_wconf 81' lang='lat' dir='ltr'><em>disciplinam</em></span> <span class='ocrx_word' id='word_1_124' title='bbox 525 1956 681 2032; x_wconf 85' lang='lat' dir='ltr'><em>receperit.</em></span> 
     </span>
    </p>

    <p class='ocr_par' dir='ltr' id='par_1_7' title="bbox 66 2033 1107 2366">
     <span class='ocr_line' id='line_1_22' title="bbox 131 2033 1107 2116; baseline -0.005 -18"><span class='ocrx_word' id='word_1_125' title='bbox 131 2035 246 2098; x_wconf 78' lang='lat' dir='ltr'><em>Curtius</em></span> <span class='ocrx_word' id='word_1_126' title='bbox 257 2038 341 2099; x_wconf 87' lang='lat' dir='ltr'><em>Nicia</em></span> <span class='ocrx_word' id='word_1_127' title='bbox 354 2038 448 2098; x_wconf 88' lang='lat' dir='ltr'><em>haesit</em></span> <span class='ocrx_word' id='word_1_128' title='bbox 460 2037 519 2098; x_wconf 84' lang='lat' dir='ltr'><em>CN.</em></span> <span class='ocrx_word' id='word_1_129' title='bbox 532 2037 671 2116; x_wconf 89' lang='lat' dir='ltr'><em>Pompeio</em></span> <span class='ocrx_word' id='word_1_130' title='bbox 687 2045 716 2097; x_wconf 97' lang='lat' dir='ltr'><em>et</em></span> <span class='ocrx_word' id='word_1_131' title='bbox 728 2035 760 2096; x_wconf 82' lang='lat' dir='ltr'><em>C.</em></span> <span class='ocrx_word' id='word_1_132' title='bbox 773 2036 920 2104; x_wconf 83' lang='lat' dir='ltr'><em>ltlemmio;</em></span> <span class='ocrx_word' id='word_1_133' title='bbox 934 2033 986 2093; x_wconf 90' lang='lat' dir='ltr'><em>sed</em></span> <span class='ocrx_word' id='word_1_134' title='bbox 999 2052 1062 2094; x_wconf 90' lang='lat' dir='ltr'><em>cum</em></span> <span class='ocrx_word' id='word_1_135' title='bbox 1072 2041 1107 2096; x_wconf 77' lang='lat'><em>14</em></span> 
     </span>
     <span class='ocr_line' id='line_1_23' title="bbox 66 2118 1063 2201; baseline -0.005 -19"><span class='ocrx_word' id='word_1_136' title='bbox 66 2120 221 2182; x_wconf 76' lang='lat' dir='ltr'><em>codicillos</em></span> <span class='ocrx_word' id='word_1_137' title='bbox 236 2121 351 2182; x_wconf 80' lang='lat' dir='ltr'><em>Memmi</em></span> <span class='ocrx_word' id='word_1_138' title='bbox 372 2122 408 2181; x_wconf 88' lang='lat' dir='ltr'><em>ad</em></span> <span class='ocrx_word' id='word_1_139' title='bbox 424 2122 543 2201; x_wconf 87' lang='lat' dir='ltr'><em>Pompei</em></span> <span class='ocrx_word' id='word_1_140' title='bbox 566 2140 686 2181; x_wconf 84' lang='lat' dir='ltr'><em>uxorem</em></span> <span class='ocrx_word' id='word_1_141' title='bbox 707 2120 743 2179; x_wconf 92' lang='lat' dir='ltr'><em>de</em></span> <span class='ocrx_word' id='word_1_142' title='bbox 766 2128 865 2198; x_wconf 89' lang='lat' dir='ltr'><em>stupro</em></span> <span class='ocrx_word' id='word_1_143' title='bbox 883 2118 1063 2197; x_wconf 85' lang='lat' dir='ltr'><em>pertulisset,</em></span> 
     </span>
     <span class='ocr_line' id='line_1_24' title="bbox 66 2201 1064 2285; baseline -0.005 -20"><span class='ocrx_word' id='word_1_144' title='bbox 66 2205 199 2285; x_wconf 88' lang='lat' dir='ltr'><em>proditus</em></span> <span class='ocrx_word' id='word_1_145' title='bbox 217 2205 253 2266; x_wconf 87' lang='lat' dir='ltr'><em>ab</em></span> <span class='ocrx_word' id='word_1_146' title='bbox 270 2225 321 2281; x_wconf 81' lang='lat' dir='ltr'><em>ea,</em></span> <span class='ocrx_word' id='word_1_147' title='bbox 337 2205 504 2285; x_wconf 90' lang='lat' dir='ltr'><em>Pompeium</em></span> <span class='ocrx_word' id='word_1_148' title='bbox 521 2205 653 2282; x_wconf 77' lang='lat' dir='ltr'><em>offendit,</em></span> <span class='ocrx_word' id='word_1_149' title='bbox 676 2204 820 2281; x_wconf 86' lang='lat' dir='ltr'><em>domoque</em></span> <span class='ocrx_word' id='word_1_150' title='bbox 841 2206 868 2263; x_wconf 89' lang='lat' dir='ltr'><em>ei</em></span> <span class='ocrx_word' id='word_1_151' title='bbox 883 2201 1064 2261; x_wconf 88' lang='lat' dir='ltr'><em>interdictum</em></span> 
     </span>
     <span class='ocr_line' id='line_1_25' title="bbox 66 2285 1064 2366; baseline -0.005 -16"><span class='ocrx_word' id='word_1_152' title='bbox 66 2298 123 2350; x_wconf 87' lang='lat' dir='ltr'><em>est.</em></span> <span class='ocrx_word' id='word_1_153' title='bbox 153 2287 218 2349; x_wconf 85' lang='lat' dir='ltr'><em>Fuit</em></span> <span class='ocrx_word' id='word_1_154' title='bbox 234 2298 263 2350; x_wconf 86' lang='lat' dir='ltr'><em>et</em></span> <span class='ocrx_word' id='word_1_155' title='bbox 277 2289 315 2350; x_wconf 87' lang='grc' dir='ltr'><em>Μ.</em></span> <span class='ocrx_word' id='word_1_156' title='bbox 333 2288 486 2350; x_wconf 82' lang='lat' dir='ltr'><em>Ciceronis</em></span> <span class='ocrx_word' id='word_1_157' title='bbox 502 2289 663 2357; x_wconf 82' lang='lat' dir='ltr'><em>familiaris;</em></span> <span class='ocrx_word' id='word_1_158' title='bbox 678 2290 707 2346; x_wconf 89' lang='lat' dir='ltr'><em>in</em></span> <span class='ocrx_word' id='word_1_159' title='bbox 724 2289 803 2347; x_wconf 88' lang='lat' dir='ltr'><em>cuius</em></span> <span class='ocrx_word' id='word_1_160' title='bbox 819 2285 944 2366; x_wconf 89' lang='lat' dir='ltr'><em>epistola</em></span> <span class='ocrx_word' id='word_1_161' title='bbox 957 2285 992 2345; x_wconf 88' lang='lat' dir='ltr'><em>ad</em></span> <span class='ocrx_word' id='word_1_162' title='bbox 1005 2285 1064 2345; x_wconf 90' lang='lat' dir='ltr'><em>Do·</em></span> 
     </span>
    </p>

    <p class='ocr_par' dir='ltr' id='par_1_8' title="bbox 27 2369 1067 2788">
     <span class='ocr_line' id='line_1_26' title="bbox 27 2369 1066 2451; baseline -0.003 -18"><span class='ocrx_word' id='word_1_163' title='bbox 27 2371 205 2434; x_wconf 76' lang='lat' dir='ltr'><em>solabellam</em></span> <span class='ocrx_word' id='word_1_164' title='bbox 220 2373 294 2433; x_wconf 88' lang='lat' dir='ltr'><em>haec</em></span> <span class='ocrx_word' id='word_1_165' title='bbox 309 2373 345 2432; x_wconf 89' lang='lat' dir='ltr'><em>de</em></span> <span class='ocrx_word' id='word_1_166' title='bbox 360 2391 397 2434; x_wconf 92' lang='lat' dir='ltr'><em>eo</em></span> <span class='ocrx_word' id='word_1_167' title='bbox 413 2373 550 2451; x_wconf 80' lang='lat' dir='ltr'><em>legimus:</em></span> <span class='ocrx_word' id='word_1_168' title='bbox 572 2370 657 2433; x_wconf 79' lang='lat' dir='ltr'><em>Nileit</em></span> <span class='ocrx_word' id='word_1_169' title='bbox 671 2372 790 2433; x_wconf 83' lang='lat' dir='ltr'><em>Romae</em></span> <span class='ocrx_word' id='word_1_170' title='bbox 803 2371 923 2450; x_wconf 81' lang='lat' dir='ltr'><em>peritur</em></span> <span class='ocrx_word' id='word_1_171' title='bbox 939 2369 1022 2449; x_wconf 83' lang='lat' dir='ltr'><em>quod</em></span> <span class='ocrx_word' id='word_1_172' title='bbox 1037 2375 1066 2430; x_wconf 86' lang='lat' dir='ltr'><em>te</em></span> 
     </span>
     <span class='ocr_line' id='line_1_27' title="bbox 61 2451 1065 2536; baseline -0.002 -20"><span class='ocrx_word' id='word_1_173' title='bbox 61 2462 170 2536; x_wconf 83' lang='lat' dir='ltr'><em>putem</em></span> <span class='ocrx_word' id='word_1_174' title='bbox 183 2456 266 2517; x_wconf 90' lang='lat' dir='ltr'><em>soire</em></span> <span class='ocrx_word' id='word_1_175' title='bbox 281 2474 410 2534; x_wconf 78' lang='lat' dir='ltr'><em>curare,</em></span> <span class='ocrx_word' id='word_1_176' title='bbox 430 2458 493 2518; x_wconf 86' lang='lat' dir='ltr'><em>nisi</em></span> <span class='ocrx_word' id='word_1_177' title='bbox 510 2455 593 2534; x_wconf 83' lang='lat' dir='ltr'><em>forte</em></span> <span class='ocrx_word' id='word_1_178' title='bbox 609 2456 691 2516; x_wconf 88' lang='lat' dir='ltr'><em>scire</em></span> <span class='ocrx_word' id='word_1_179' title='bbox 704 2456 769 2531; x_wconf 82' lang='lat' dir='ltr'><em>ais,</em></span> <span class='ocrx_word' id='word_1_180' title='bbox 785 2472 833 2515; x_wconf 89' lang='lat' dir='ltr'><em>me</em></span> <span class='ocrx_word' id='word_1_181' title='bbox 847 2454 927 2514; x_wconf 88' lang='lat' dir='ltr'><em>inter</em></span> <span class='ocrx_word' id='word_1_182' title='bbox 943 2451 1065 2514; x_wconf 85' lang='lat' dir='ltr'><em>Niciam</em></span> 
     </span>
     <span class='ocr_line' id='line_1_28' title="bbox 64 2537 1066 2617; baseline -0.002 -17"><span class='ocrx_word' id='word_1_183' title='bbox 64 2546 256 2601; x_wconf 86' lang='lat' dir='ltr'><em>nostramet</em></span> <span class='ocrx_word' id='word_1_184' title='bbox 278 2538 398 2601; x_wconf 83' lang='lat' dir='ltr'><em>Vidium</em></span> <span class='ocrx_word' id='word_1_185' title='bbox 418 2541 549 2601; x_wconf 87' lang='lat' dir='ltr'><em>iudicem</em></span> <span class='ocrx_word' id='word_1_186' title='bbox 570 2558 647 2600; x_wconf 88' lang='lat' dir='ltr'><em>esse.</em></span> <span class='ocrx_word' id='word_1_187' title='bbox 686 2538 812 2617; x_wconf 78' lang='lat' dir='ltr'><em>Profert</em></span> <span class='ocrx_word' id='word_1_188' title='bbox 830 2537 926 2613; x_wconf 83' lang='lat' dir='ltr'><em>atter,</em></span> <span class='ocrx_word' id='word_1_189' title='bbox 954 2537 1066 2616; x_wconf 87' lang='lat' dir='ltr'><em>opinor</em></span> 
     </span>
     <span class='ocr_line' id='line_1_29' title="bbox 67 2620 1066 2703; baseline -0.004 -19"><span class='ocrx_word' id='word_1_190' title='bbox 67 2621 192 2685; x_wconf 84' lang='lat' dir='ltr'><em>duobus</em></span> <span class='ocrx_word' id='word_1_191' title='bbox 204 2624 384 2701; x_wconf 74' lang='lat' dir='ltr'><em>custodiis,</em></span> <span class='ocrx_word' id='word_1_192' title='bbox 410 2642 577 2703; x_wconf 69' lang='lat' dir='ltr'><em>expensum</em></span> <span class='ocrx_word' id='word_1_193' title='bbox 594 2623 751 2701; x_wconf 84' lang='lat' dir='ltr'><em>lNioiae,·l</em></span> <span class='ocrx_word' id='word_1_194' title='bbox 768 2623 848 2684; x_wconf 89' lang='lat' dir='ltr'><em>atter</em></span> <span class='ocrx_word' id='word_1_195' title='bbox 862 2620 1066 2682; x_wconf 76' lang='lat' dir='ltr'><em>Aristarchus</em></span> 
     </span>
     <span class='ocr_line' id='line_1_30' title="bbox 66 2703 1067 2788; baseline -0.005 -20"><span class='ocrx_word' id='word_1_196' title='bbox 66 2706 127 2768; x_wconf 78' lang='lat' dir='ltr'><em>tros</em></span> <span class='ocrx_word' id='word_1_197' title='bbox 147 2706 291 2769; x_wconf 72' lang='lat' dir='ltr'><em>obelisci:</em></span> <span class='ocrx_word' id='word_1_198' title='bbox 311 2727 367 2787; x_wconf 82' lang='lat' dir='ltr'><em>epo</em></span> <span class='ocrx_word' id='word_1_199' title='bbox 387 2716 533 2788; x_wconf 80' lang='lat' dir='ltr'><em>toroquam</em></span> <span class='ocrx_word' id='word_1_200' title='bbox 554 2703 682 2769; x_wconf 84' lang='lat' dir='ltr'><em>criticus</em></span> <span class='ocrx_word' id='word_1_201' title='bbox 705 2707 849 2785; x_wconf 83' lang='lat' dir='ltr'><em>antiquos</em></span> <span class='ocrx_word' id='word_1_202' title='bbox 870 2705 1067 2765; x_wconf 85' lang='lat' dir='ltr'><em>iudicaturus</em></span> 
     </span>
    </p>

    <p class='ocr_par' dir='ltr' id='par_1_9' title="bbox 28 2783 1070 3202">
     <span class='ocr_line' id='line_1_31' title="bbox 28 2783 1067 2872; baseline 0 -25"><span class='ocrx_word' id='word_1_203' title='bbox 28 2798 264 2866; x_wconf 70' lang='lat' dir='ltr'><em>commatrum</em></span> <span class='ocrx_word' id='word_1_204' title='bbox 275 2792 337 2852; x_wconf 85' lang='lat' dir='ltr'><em>sint</em></span> <span class='ocrx_word' id='word_1_205' title='bbox 345 2789 407 2852; x_wconf 80' lang='grc' dir='ltr'><em>τοῦ</em></span> <span class='ocrx_word' id='word_1_206' title='bbox 421 2787 574 2872; x_wconf 78' lang='grc' dir='ltr'><strong>[ποιητοῦ</strong></span> <span class='ocrx_word' id='word_1_207' title='bbox 584 2809 626 2852; x_wconf 88' lang='lat' dir='ltr'><em>an</em></span> <span class='ocrx_word' id='word_1_208' title='bbox 637 2783 971 2872; x_wconf 66' lang='lat' dir='ltr'><em>napepdsdtuptuorl</em></span> <span class='ocrx_word' id='word_1_209' title='bbox 995 2787 1067 2847; x_wconf 88' lang='lat' dir='ltr'><em>Item</em></span> 
     </span>
     <span class='ocr_line' id='line_1_32' title="bbox 67 2871 1070 2955; baseline -0.003 -21"><span class='ocrx_word' id='word_1_210' title='bbox 67 2874 106 2934; x_wconf 86' lang='lat' dir='ltr'><em>ad</em></span> <span class='ocrx_word' id='word_1_211' title='bbox 121 2873 263 2936; x_wconf 77' lang='lat' dir='ltr'><em>Atticum:</em></span> <span class='ocrx_word' id='word_1_212' title='bbox 286 2874 334 2935; x_wconf 86' lang='lat' dir='ltr'><em>De</em></span> <span class='ocrx_word' id='word_1_213' title='bbox 347 2875 440 2937; x_wconf 88' lang='lat' dir='ltr'><em>Nicia</em></span> <span class='ocrx_word' id='word_1_214' title='bbox 455 2875 539 2955; x_wconf 84' lang='lat' dir='ltr'><em>quod</em></span> <span class='ocrx_word' id='word_1_215' title='bbox 557 2875 687 2952; x_wconf 71' lang='lat' dir='ltr'><em>combis,</em></span> <span class='ocrx_word' id='word_1_216' title='bbox 709 2875 738 2934; x_wconf 87' lang='lat' dir='ltr'><em>si</em></span> <span class='ocrx_word' id='word_1_217' title='bbox 754 2875 800 2935; x_wconf 90' lang='lat' dir='ltr'><em>ita</em></span> <span class='ocrx_word' id='word_1_218' title='bbox 814 2893 863 2934; x_wconf 90' lang='lat' dir='ltr'><em>me</em></span> <span class='ocrx_word' id='word_1_219' title='bbox 875 2871 1019 2933; x_wconf 76' lang='lat' dir='ltr'><em>lobuem</em></span> <span class='ocrx_word' id='word_1_220' title='bbox 1034 2877 1070 2932; x_wconf 94' lang='lat' dir='ltr'><em>ut</em></span> 
     </span>
     <span class='ocr_line' id='line_1_33' title="bbox 67 2955 1066 3039; baseline -0.005 -20"><span class='ocrx_word' id='word_1_221' title='bbox 67 2958 136 3019; x_wconf 88' lang='lat' dir='ltr'><em>eius</em></span> <span class='ocrx_word' id='word_1_222' title='bbox 151 2957 340 3020; x_wconf 77' lang='lat' dir='ltr'><em>humanitate</em></span> <span class='ocrx_word' id='word_1_223' title='bbox 357 2959 426 3038; x_wconf 73' lang='lat' dir='ltr'><em>frui</em></span> <span class='ocrx_word' id='word_1_224' title='bbox 435 2977 573 3038; x_wconf 83' lang='lat' dir='ltr'><em>possem,</em></span> <span class='ocrx_word' id='word_1_225' title='bbox 595 2960 627 3020; x_wconf 86' lang='lat' dir='ltr'><em>in</em></span> <span class='ocrx_word' id='word_1_226' title='bbox 640 2960 752 3038; x_wconf 87' lang='lat' dir='ltr'><em>primis</em></span> <span class='ocrx_word' id='word_1_227' title='bbox 773 2957 880 3018; x_wconf 88' lang='lat' dir='ltr'><em>oeltem</em></span> <span class='ocrx_word' id='word_1_228' title='bbox 898 2973 1015 3039; x_wconf 79' lang='lat' dir='ltr'><em>mecum</em></span> <span class='ocrx_word' id='word_1_229' title='bbox 1030 2955 1066 3015; x_wconf 88' lang='lat' dir='ltr'><em>il·</em></span> 
     </span>
     <span class='ocr_line' id='line_1_34' title="bbox 66 3039 1066 3119; baseline -0.006 -15"><span class='ocrx_word' id='word_1_230' title='bbox 66 3043 131 3104; x_wconf 86' lang='lat' dir='ltr'><em>tum</em></span> <span class='ocrx_word' id='word_1_231' title='bbox 144 3041 281 3113; x_wconf 59' lang='lat' dir='ltr'><em>tubera·</em></span> <span class='ocrx_word' id='word_1_232' title='bbox 303 3042 359 3102; x_wconf 90' lang='lat' dir='ltr'><em>sed</em></span> <span class='ocrx_word' id='word_1_233' title='bbox 372 3044 447 3104; x_wconf 82' lang='lat' dir='ltr'><em>milti</em></span> <span class='ocrx_word' id='word_1_234' title='bbox 466 3043 600 3104; x_wconf 87' lang='lat' dir='ltr'><em>solitudo</em></span> <span class='ocrx_word' id='word_1_235' title='bbox 624 3049 654 3103; x_wconf 91' lang='lat' dir='ltr'><em>et</em></span> <span class='ocrx_word' id='word_1_236' title='bbox 668 3057 811 3103; x_wconf 83' lang='lat' dir='ltr'><em>recessus</em></span> <span class='ocrx_word' id='word_1_237' title='bbox 826 3039 993 3119; x_wconf 83' lang='lat' dir='ltr'><em>provincia</em></span> <span class='ocrx_word' id='word_1_238' title='bbox 1012 3045 1066 3099; x_wconf 89' lang='lat' dir='ltr'><em>est.</em></span> 
     </span>
     <span class='ocr_line' id='line_1_35' title="bbox 66 3122 1067 3202; baseline -0.007 -14"><span class='ocrx_word' id='word_1_239' title='bbox 66 3125 239 3188; x_wconf 89' lang='lat' dir='ltr'><em>Praetereo</em></span> <span class='ocrx_word' id='word_1_240' title='bbox 262 3128 345 3187; x_wconf 89' lang='lat' dir='ltr'><em>nosti</em></span> <span class='ocrx_word' id='word_1_241' title='bbox 368 3126 479 3189; x_wconf 83' lang='lat' dir='ltr'><em>Niciae</em></span> <span class='ocrx_word' id='word_1_242' title='bbox 499 3129 601 3187; x_wconf 86' lang='lat' dir='ltr'><em>nostri</em></span> <span class='ocrx_word' id='word_1_243' title='bbox 620 3126 873 3202; x_wconf 77' lang='lat' dir='ltr'><em>imbecillitatum,</em></span> <span class='ocrx_word' id='word_1_244' title='bbox 896 3122 1067 3198; x_wconf 81' lang='lat' dir='ltr'><em>mollitiam,</em></span> 
     </span>
    </p>

    <p class='ocr_par' dir='ltr' id='par_1_10' title="bbox 27 3205 1069 3536">
     <span class='ocr_line' id='line_1_36' title="bbox 27 3205 1068 3289; baseline -0.007 -17"><span class='ocrx_word' id='word_1_245' title='bbox 27 3229 56 3272; x_wconf 80' lang='lat' dir='ltr'><em>rs</em></span> <span class='ocrx_word' id='word_1_246' title='bbox 68 3210 318 3272; x_wconf 79' lang='lat' dir='ltr'><em>cousuetudinem</em></span> <span class='ocrx_word' id='word_1_247' title='bbox 332 3211 440 3272; x_wconf 84' lang='lat' dir='ltr'><em>uictus.</em></span> <span class='ocrx_word' id='word_1_248' title='bbox 467 3209 531 3272; x_wconf 80' lang='lat' dir='ltr'><em>Cur</em></span> <span class='ocrx_word' id='word_1_249' title='bbox 548 3229 621 3289; x_wconf 85' lang='lat' dir='ltr'><em>erpo</em></span> <span class='ocrx_word' id='word_1_250' title='bbox 639 3211 687 3270; x_wconf 89' lang='lat' dir='ltr'><em>itti</em></span> <span class='ocrx_word' id='word_1_251' title='bbox 706 3209 851 3270; x_wconf 88' lang='lat' dir='ltr'><em>molestus</em></span> <span class='ocrx_word' id='word_1_252' title='bbox 869 3225 936 3268; x_wconf 89' lang='lat' dir='ltr'><em>esse</em></span> <span class='ocrx_word' id='word_1_253' title='bbox 958 3205 1068 3285; x_wconf 72' lang='lat' dir='ltr'><em>ieelim,</em></span> 
     </span>
     <span class='ocr_line' id='line_1_37' title="bbox 67 3290 1069 3371; baseline -0.005 -17"><span class='ocrx_word' id='word_1_254' title='bbox 67 3311 138 3354; x_wconf 88' lang='lat' dir='ltr'><em>cam</em></span> <span class='ocrx_word' id='word_1_255' title='bbox 152 3293 227 3354; x_wconf 79' lang='lat' dir='ltr'><em>milri</em></span> <span class='ocrx_word' id='word_1_256' title='bbox 239 3293 292 3355; x_wconf 89' lang='lat' dir='ltr'><em>itte</em></span> <span class='ocrx_word' id='word_1_257' title='bbox 310 3294 463 3356; x_wconf 88' lang='lat' dir='ltr'><em>iucundus</em></span> <span class='ocrx_word' id='word_1_258' title='bbox 478 3311 547 3355; x_wconf 89' lang='lat' dir='ltr'><em>esse</em></span> <span class='ocrx_word' id='word_1_259' title='bbox 565 3295 638 3371; x_wconf 87' lang='lat' dir='ltr'><em>non]</em></span> <span class='ocrx_word' id='word_1_260' title='bbox 654 3293 777 3371; x_wconf 76' lang='lat' dir='ltr'><em>possit?</em></span> <span class='ocrx_word' id='word_1_261' title='bbox 804 3290 951 3353; x_wconf 86' lang='lat' dir='ltr'><em>Voluntas</em></span> <span class='ocrx_word' id='word_1_262' title='bbox 969 3297 1069 3351; x_wconf 88' lang='lat' dir='ltr'><em>tomen</em></span> 
     </span>
     <span class='ocr_line' id='line_1_38' title="bbox 66 3375 1063 3521; baseline -0.004 -83"><span class='ocrx_word' id='word_1_263' title='bbox 66 3377 139 3438; x_wconf 86' lang='lat' dir='ltr'><em>eius</em></span> <span class='ocrx_word' id='word_1_264' title='bbox 155 3377 231 3521; x_wconf 60' lang='lat' dir='ltr'><em>millpi</em></span> <span class='ocrx_word' id='word_1_265' title='bbox 238 3385 333 3457; x_wconf 79' lang='lat' dir='ltr'><em>prata</em></span> <span class='ocrx_word' id='word_1_266' title='bbox 348 3398 389 3440; x_wconf 70' lang='lat' dir='ltr'><em>est</em></span> <span class='ocrx_word' id='word_1_267' title='bbox 432 3379 521 3439; x_wconf 84' lang='lat' dir='ltr'><em>.luius</em></span> <span class='ocrx_word' id='word_1_268' title='bbox 543 3377 587 3436; x_wconf 89' lang='lat' dir='ltr'><em>de</em></span> <span class='ocrx_word' id='word_1_269' title='bbox 602 3377 745 3438; x_wconf 86' lang='lat' dir='ltr'><em>Lucilio</em></span> <span class='ocrx_word' id='word_1_270' title='bbox 762 3376 854 3436; x_wconf 90' lang='lat' dir='ltr'><em>libros</em></span> <span class='ocrx_word' id='word_1_271' title='bbox 869 3377 952 3436; x_wconf 90' lang='lat' dir='ltr'><em>etiam</em></span> <span class='ocrx_word' id='word_1_272' title='bbox 969 3375 1063 3435; x_wconf 81' lang='lat' dir='ltr'><em>Santrt</em></span> 
     </span>
     <span class='ocr_line' id='line_1_39' title="bbox 66 3470 252 3536; baseline -0.011 -14"><span class='ocrx_word' id='word_1_273' title='bbox 66 3479 191 3536; x_wconf 88' lang='lat' dir='ltr'><em>compro</em></span> <span class='ocrx_word' id='word_1_274' title='bbox 214 3470 252 3522; x_wconf 88' lang='lat' dir='ltr'><em>at.</em></span> 
     </span>
    </p>
   </div>
   <div class='ocr_carea' id='block_1_3' title="bbox 0 0 1164 3944">
    <p class='ocr_par' dir='ltr' id='par_1_11' title="bbox 0 0 1164 3944">
     <span class='ocr_line' id='line_1_40' title="bbox 0 0 1164 3944; baseline 0 0"><span class='ocrx_word' id='word_1_275' title='bbox 0 0 1164 3944; x_wconf 95' lang='lat' dir='ltr'><em> </em></span> 
     </span>
    </p>
   </div>
  </div>
 </body>
</html>
