2256 3930
459 207 666 256 PRAEFATIO.
899 207 1009 254 LXXXI

101 373 349 427 commentatorum
372 367 479 425 Horatii
501 373 638 424 servatam
652 362 811 441 primumffi)
832 367 1010 427 5151815-

103 461 164 509 trus
181 452 303 508 Nunnius
319 452 519 508 Alemariensis
536 451 776 508 miscellaneorum
793 470 818 523 p.
832 457 882 520 ta,
905 459 960 508 tum
980 450 1008 506 in

104 536 266 592 Horatianis
282 535 452 592 editionibus
468 535 590 591 11515155
607 542 729 605 51555,
746 535 889 591 Lambinus
903 553 927 591 5.
941 540 1008 597 1567

103 627 134 676 51
158 619 296 690 cruquius
319 637 343 676 a.
367 625 434 679 1578
455 620 649 689 vulgaverunt.
693 619 768 674 Haec
798 620 925 690 exempla
956 625 1009 676 tam

104 703 199 759 multis
216 704 299 760 rebus
314 703 386 758 inter
401 703 590 772 5511151551,
605 708 635 757 51
650 719 717 758 5555
735 703 885 759 mirandum
904 703 940 758 sit
956 720 1008 774 qua

104 787 216 843 ratione
232 787 323 844 omnia
339 803 375 842 ex
388 803 443 842 uno
462 787 614 856 eodemque
630 793 726 841 vetere
740 786 813 842 libro
830 788 928 842 hausta
945 803 1008 842 esse

104 870 249 934 dicautur;
281 871 383 942 quippe
415 870 526 937 codice,
554 868 600 939 qui
629 868 750 925 Gaudavi
782 869 810 924 in
837 869 1007 925 bibliotheca

105 955 137 1010 S.
163 952 237 1008 Petri
261 953 405 1010 blaudiuia
433 953 647 1022 asservabatur,
673 952 864 1023 antiquissimo
885 951 1007 1009 Naunius

105 1054 158 1110 per
184 1053 216 1092 55
243 1043 270 1091 51
293 1037 392 1091 1151511
414 1037 505 1107 gratia
526 1035 662 1092 Antonius
686 1036 865 1106 llorillonus,
886 1037 1007 1107 denique

106 1119 246 1190 Gruquius
259 1121 302 1176 usi
317 1137 380 1176 esse
397 1121 498 1177 volunt.
542 1119 576 1173 Et
593 1119 729 1190 Gruquius
747 1119 856 1191 quidem
871 1119 1008 1174 minimum

106 1202 215 1274 negotii
238 1203 363 1268 15555511,
394 1220 454 1258 cum
479 1209 551 1258 15155
574 1203 634 1257 1515
653 1220 688 1257 eu
709 1204 815 1258 1151515
836 1210 864 1258 51
879 1203 1008 1259 Lambiuo

105 1287 243 1360 pendeat,
269 1287 406 1343 interdum
430 1288 464 1343 ad
478 1285 611 1341 Nunnium
626 1286 756 1356 inclinet,
786 1288 871 1343 semel
892 1293 1009 1342 tautum-

106 1370 189 1426 modo
210 1369 316 1442 scripto
337 1372 410 1426 libro
433 1369 537 1441 aliquid
564 1364 710 1444 debeat⁸⁹).
754 1370 841 1426 Porro
864 1370 1009 1426 Lambinus

106 1471 143 1509 ne
166 1454 302 1510 tantillum
328 1454 438 1526 quidem
461 1471 477 1508 5
497 1459 592 1509 vetere
616 1453 689 1509 libro
715 1455 882 1525 desumpsit,
911 1454 962 1509 sed
984 1453 1008 1509 15

106 1536 381 1609 compositisllannii
398 1543 425 1592 et
441 1537 540 1592 1151511
560 1535 694 1607 exemplis
709 1535 962 1594 <emendatiorem'
981 1543 1010 1593 ut

107 1620 170 1693 1555
182 1620 234 1689 511,
250 1627 279 1676 51
295 1620 361 1677 mibi
377 1620 487 1677 videtur
502 1620 704 1691 corruptiorem
719 1621 899 1692 scriptionem
913 1621 1009 1676 reddi·

108 1704 150 1760 dit
175 1703 219 1759 sui
244 1704 349 1775 ingenii
371 1704 490 1776 placitis.
532 1703 569 1757 At
588 1704 710 1759 11515155
727 1711 768 1760 151
785 1705 921 1761 155115555
941 1720 1009 1776 515-

108 1786 186 1860 51155
200 1786 362 1859 Nannioque
383 1788 526 1857 ignoratas
541 1788 625 1842 habet
641 1803 744 1858 easque
761 1795 814 1843 tam
831 1788 943 1845 diversa
959 1805 1009 1844 na-

108 1877 180 1940 1515,
195 1877 224 1926 51
239 1872 310 1927 51151
322 1871 432 1941 quidam
443 1872 533 1926 codex
549 1871 697 1927 llorillono
714 1871 759 1942 qui
777 1871 837 1927 eius
854 1879 950 1928 auctor
966 1879 1008 1927 551

61 1984 65 1990 -
108 1960 223 2025 praesto
246 1953 334 2009 luisse
357 1955 477 2023 debeat,
499 1954 577 2008 cuius
594 1954 643 2008 ille
659 1955 810 2010 collatione
836 1956 1008 2010 emendatum

107 2035 276 2094 Nauuiauum
305 2039 459 2109 exemplum
490 2055 504 2091 e
532 2037 659 2092 Flaudria
685 2036 821 2094 Venetiae
849 2032 1005 2104 miserit⁷⁰).

176 2217 224 2283 68)
248 2221 296 2270 Diu
318 2227 376 2270 aute
395 2220 521 2270 Nunnium
542 2219 631 2269 Petrus
651 2217 760 2268 Crinitus
782 2233 837 2267 eam
859 2220 935 2268 vitam
959 2221 1007 2271 sibi

108 2295 195 2339 uotam
209 2287 289 2339 fuisse
307 2288 468 2355 significavit,
483 2288 514 2337 de
533 2287 615 2352 555115
632 2287 686 2335 Lat.
703 2285 728 2346 3,
742 2285 784 2337 38.
821 2287 941 2337 Μ5155115
957 2303 1007 2340 555

107 2357 242 2424 indiguum
261 2364 311 2417 est,
334 2372 398 2422 quae
422 2372 437 2406 5
458 2356 576 2407 Suetonio
595 2354 738 2404 1515155151
755 2356 866 2420 Augusti
885 2356 917 2406 ad
937 2358 1008 2406 Flac-

107 2440 165 2475 cum
189 2424 311 2490 epistolae
333 2424 469 2476 ‘coullctas
492 2425 528 2474 illi
550 2424 617 2473 visas
638 2439 694 2473 esse
720 2439 801 2487 neque
822 2425 915 2490 dignas
938 2434 1006 2475 tauto

108 2494 221 2560 principe
245 2493 349 2558 eiusque
370 2509 468 2544 summa
487 2493 650 2546 eruditioue’.
688 2492 775 2543 Criniti
796 2492 887 2543 librum
914 2495 1006 2544 editum

108 2563 160 2612 vidi
179 2577 202 2611 a.
224 2561 305 2622 1508,
324 2563 370 2613 sod
386 2563 511 2626 antiquior
527 2562 603 2611 editio
618 2569 718 2612 exstare
733 2561 823 2612 dicitur
839 2563 870 2611 de
884 2577 907 2611 5.
930 2563 1005 2613 1500.

177 2629 223 2695 68)
243 2631 399 2682 Vocabulum
416 2633 533 2696 quosdam
549 2646 575 2696 p.
594 2629 657 2689 298,
681 2631 737 2678 251
756 2630 782 2678 15
803 2631 902 2695 55115115
926 2639 1007 2680 exstat

108 2713 222 2763 nequeo
245 2713 372 2764 quoquam
391 2707 448 2750 ante
464 2699 600 2762 Cruquium
620 2698 686 2764 typis
702 2699 855 2763 impressum
872 2707 919 2749 551.
958 2699 1007 2748 Sed

107 2785 134 2836 p.
151 2765 211 2829 297,
225 2766 242 2818 3
259 2768 372 2829 Quintus,
388 2771 405 2818 4
420 2769 524 2833 quidem,
545 2766 577 2818 10
594 2769 749 2831 1551511555,
767 2768 799 2817 12
816 2768 1007 2826 demonstratur,

109 2839 142 2889 15
159 2836 233 2886 triano
252 2852 297 2898 me,
317 2837 350 2887 18
365 2845 394 2887 ut
410 2837 464 2902 155,
480 2838 513 2886 24
529 2851 672 2900 repperere,
690 2835 723 2887 33
736 2839 894 2897 potissimum,
907 2854 933 2902 p.
948 2834 1007 2895 298,

109 2905 188 2957 1515
206 2920 318 2956 acumem
333 2903 476 2956 breuitatem
495 2905 616 2954 Lambiuo
634 2905 780 2965 obsecutus,
800 2920 826 2969 p.
848 2904 912 2966 297,
931 2908 946 2955 5
962 2919 1009 2952 515-

105 2974 296 3037 515115555115
316 2976 495 3034 altercatione,
525 2973 556 3023 lt
571 2976 689 3022 extremis
705 2972 843 3036 Esquiliis,
863 2973 896 3024 29
922 2971 1009 3030 15155,

107 3058 134 3109 p.
152 3041 217 3100 298,
244 3044 278 3095 27
301 3045 407 3108 epistota
427 3043 534 3094 5155515
558 3056 604 3092 555
628 3040 703 3105 genio
727 3041 877 3106 indulgens,
902 3049 1008 3103 utraque

108 3111 164 3161 sine
181 3110 301 3162 librorum
317 3111 464 3162 auctoritate
481 3111 589 3175 scripsit.
626 3109 758 3157 Praeterea
777 3125 803 3174 p.
826 3109 889 3169 297,
914 3108 1008 3159 36115-

107 3178 274 3246 prehendisse
289 3195 317 3229 se
338 3180 378 3228 ‘in
398 3179 538 3229 Blandiuiis
555 3176 749 3241 manuscriptis’
769 3177 884 3226 lacunam
902 3177 951 3239 ait,
976 3177 1007 3226 de

107 3261 157 3312 qua
177 3247 302 3313 explenda
314 3248 467 3314 desperaret.

180 3315 224 3380 70)
243 3317 296 3366 Hoc
316 3316 410 3380 aliquot
428 3315 551 3380 exemplis
569 3313 791 3363 demonstrandum
809 3328 865 3363 5555
883 3314 1004 3381 intelligo.

108 3385 186 3434 blulta
203 3386 304 3449 quidem
319 3385 350 3434 ab
369 3384 468 3434 Ν55515
487 3382 563 3434 511515
581 3381 741 3432 testinatione
762 3389 879 3447 55115515
896 3383 1005 3434 Μ511115-

107 3468 156 3502 555
174 3470 205 3503 ex
224 3453 312 3504 eodem
331 3453 394 3502 libro
410 3452 556 3518 diligentius
573 3451 686 3515 iuspecto
705 3450 846 3500 correxisse
860 3460 958 3516 potest,
978 3463 1006 3503 ut

150 3542 281 3578 5155151155
777 3523 792 3572 f
