2286 3944
139 475 174 535 lu
185 491 258 536 auro
268 475 401 553 efferret)
413 475 508 536 donec
519 478 548 535 in
560 477 668 555 oppido
677 477 784 538 Fundis
795 484 917 540 moranti
925 482 1139 563 Hispanial'ar·

139 559 316 619 raconensis
328 557 424 619 oblata
436 570 490 620 est.
513 559 695 638 deciditque,
707 571 736 620 ut
753 582 815 622 cum
833 566 1011 644 provinciam
1028 569 1139 643 ingres·

143 659 197 702 sus
208 643 389 702 sacrificaret
400 645 473 704 intra
485 643 585 703 aedem
596 644 757 723 publicam,
773 664 864 724 puero
878 667 894 707 e
907 651 1043 710 ministris
1058 667 1138 709 acer-

116 743 208 790 uum
226 728 333 786 tenenti
352 727 473 805 capillus
491 735 613 805 repente
630 737 691 788 toto
713 732 808 808 capite
821 741 1006 810 canesceret,
1024 733 1138 792 necde

142 809 261 870 fuerunt
273 810 322 888 qui
334 811 599 889 interpretarentur,
612 812 872 888 significarirerum
881 818 1064 875 mutationem
1075 830 1138 875 suc·

144 910 356 971 cessurumque
367 894 462 953 iuveni
475 912 585 969 senem,
597 894 654 953 boc
668 905 712 954 est
727 897 821 973 ipsum
831 895 952 957 Neroni.
971 898 998 957 N
1001 916 1039 958 on
1050 897 1138 958 multo

143 977 252 1056 postin
263 975 435 1037 Cantabriae
446 977 539 1037 lacum
552 977 782 1057 lulmendecidit‚
795 990 989 1060 repertaeque
996 990 1061 1041 sunt
1070 981 1138 1042 duo·

144 1058 241 1121 decim
252 1077 383 1137 secures,
396 1060 471 1120 haud
483 1061 646 1138 ambiguum
657 1079 783 1123 summae
795 1065 907 1142 imperii
921 1067 1043 1142 signum.

108 1162 135 1206 ro
205 1142 262 1204 Per
279 1152 347 1204 octo
364 1160 454 1203 annos
473 1145 554 1204 varie
570 1153 599 1203 et
617 1146 839 1224 inaequabiliter
860 1150 1039 1226 prouinciam
1056 1148 1139 1226 rexit,

143 1229 240 1308 primo
255 1244 325 1287 acer
339 1236 367 1287 et
378 1227 542 1305 vehemens,
559 1237 587 1286 et
602 1229 630 1286 in
644 1230 815 1289 coercendis
828 1230 942 1310 quidem
958 1232 1073 1292 delictis
1092 1231 1139 1291 vel

141 1310 324 1372 immodicus.
344 1309 416 1370 Nam
429 1319 457 1370 et
471 1311 656 1372 nummulario
668 1330 725 1372 non
737 1332 774 1373 ex
786 1314 843 1374 lide
857 1318 984 1375 uersanti
1001 1317 1139 1395 pecunias

141 1411 246 1456 manus
258 1395 414 1473 amputavit
423 1412 598 1473 mensaeque
610 1397 671 1454 elus
683 1395 790 1474 adfixit,
800 1406 836 1458 ‚et
848 1406 982 1475 tutorem,
996 1398 1073 1477 quod
1087 1415 1137 1476 pu·

142 1478 256 1560 pillum,
270 1480 314 1538 cui
328 1477 495 1537 substitutus
506 1478 593 1537 heres
605 1488 681 1555 erat,
702 1499 814 1541 veneno
826 1491 976 1559 necasset,
988 1500 1076 1542 cruce
1089 1481 1137 1542 ad·

106 1562 230 1632 “lecim
242 1560 463 1640 implorantique
480 1561 563 1638 leges
582 1570 611 1621 et
628 1564 720 1622 civem
736 1565 895 1625 Romanum
913 1584 946 1625 se
963 1567 1137 1642 testificanti,

144 1646 229 1726 quasi
241 1645 345 1706 solatio
362 1653 390 1704 et
404 1645 516 1706 bonore
526 1646 623 1724 aliquo
637 1664 760 1724 poenam
777 1649 938 1725 levaturus,
950 1651 1051 1710 mutari
1067 1648 1137 1708 mul·

144 1738 236 1808 toque
249 1738 365 1808 praeter
378 1737 492 1788 ceteras
504 1729 636 1789 altiorem
649 1739 678 1789 et
689 1731 851 1792 dealbatam
863 1735 947 1792 statui
957 1734 1137 1793 crucemlns·

144 1814 192 1873 sit.
215 1812 352 1873 Paulatim
364 1814 392 1870 in
404 1811 540 1871 desidiam
552 1815 762 1892 segnitiemque
775 1832 935 1876 conversus
951 1826 1005 1892 est,
1022 1834 1058 1875 ne
1071 1813 1138 1892 quid

141 1898 281 1958 materiae
294 1895 449 1974 praeberet
459 1895 584 1972 Neroni,
603 1906 639 1973 et,
652 1907 681 1956 ut
693 1897 790 1958 dicere
804 1899 933 1976 solebat,
954 1897 1038 1978 quod
1050 1915 1137 1959 nemo

104 1981 298 2045 curationem
314 1979 369 2041 otii
380 1979 430 2038 sui
443 1979 575 2040 reddere
589 1988 757 2058 cuperantur.

208 2061 383 2140 Carthagine
396 2080 471 2123 nova
482 2072 653 2123 conventum
665 2082 757 2141 agens
768 2065 930 2124 tumultuari
943 2062 1050 2124 Gallias
1061 2079 1137 2122 com·

143 2148 232 2229 perit,
245 2146 344 2224 legato
359 2145 530 2225 Aquitaniae
543 2147 648 2208 auxilia
660 2147 848 2225 implorante3
869 2155 1098 2226 supervenerunt
1109 2156 1139 2206 et

143 2230 276 2292 Vindicis
291 2230 404 2290 litterae
419 2229 575 2306 hortantis,
594 2240 623 2289 ut
641 2230 762 2289 humano
780 2233 882 2308 generi
900 2238 1076 2290 assertorem
1089 2229 1137 2290 du·

145 2332 269 2393 cemque
281 2332 313 2373 se
325 2313 537 2374 accomodaret.
559 2314 586 2373 N
588 2331 623 2372 ec
635 2314 682 2372 diu
695 2323 853 2391 cunctatus,
868 2313 1060 2374 conditionem
1072 2332 1137 2393 par-

105 2417 135 2459 ce
146 2402 195 2459 tim
207 2406 283 2457 metu
294 2399 397 2476 partim
409 2415 462 2475 spc
473 2400 600 2476 recepit;
615 2417 679 2457 narn
694 2407 723 2456 et
737 2398 867 2459 mandata
878 2397 1003 2458 Neronis
1016 2397 1052 2457 de
1064 2415 1137 2457 nece

145 2501 198 2543 sna
209 2481 244 2542 ad
257 2491 463 2559 procuratores
476 2481 549 2542 clam
561 2484 646 2541 missa
660 2481 864 2560 deprenderat,
876 2492 905 2542 et
917 2481 1138 2542 confirmabatur

145 2584 212 2627 cum
224 2564 438 2625 secundissimis
452 2566 589 2644 auspiciis
599 2575 627 2624 et
643 2566 785 2626 ominibus
798 2568 918 2645 virginis
935 2566 1076 2626 honestae
1088 2583 1137 2625 va·

144 2651 322 2726 ticinatione,
332 2657 410 2709 tanto
422 2651 515 2726 magis
527 2647 604 2727 quod
618 2649 718 2709 eadem
729 2651 778 2711 illa
796 2653 920 2711 carmina
935 2649 1074 2709 sacerdos
1090 2648 1136 2707 lo-

144 2734 191 2793 vis
206 2731 324 2792 Cluniae
340 2751 377 2791 ex
388 2733 529 2811 penetrali
542 2735 651 2791 somnio
662 2735 785 2793 monitus
802 2742 932 2810 eruerat,
948 2741 1013 2792 ante
1032 2731 1136 2790 ducen-

104 2840 133 2880 eo
145 2827 194 2878 tos
206 2832 296 2876 annos
308 2816 436 2876 similiter
448 2833 464 2876 a
476 2815 591 2876 fatidica
603 2817 701 2895 puella
715 2820 907 2895 pronuntiata.
935 2817 1062 2890 Quorum
1074 2831 1136 2873 car·

143 2901 249 2960 minum
271 2902 412 2960 sententia
430 2908 504 2975 erat,
532 2900 683 2960 oriturum
702 2901 885 2980 quandoque
915 2918 954 2959 cc
981 2896 1138 2974 Hispania

138 2982 314 3064 principem
327 2982 538 3062 dominumque
551 3002 663 3043 rerum.
1038 3003 1041 3009 ·

207 3065 299 3143 Igitur
316 3085 379 3126 cum
401 3067 481 3145 quasi
502 3068 714 3127 manumissioni
738 3075 891 3126 vacaturus
917 3065 1137 3124 conscendisset

143 3149 285 3226 tribunal,
304 3152 464 3229 propositis
482 3160 547 3210 ante
566 3169 598 3210 se
613 3150 806 3210 danmatorum
819 3151 1039 3227 occisorumque
1052 3148 1135 3208 aNe-

103 3258 133 3302 ω
144 3251 218 3295 rone
231 3250 314 3311 quam
326 3235 455 3314 plurimis
466 3234 636 3311 imaginibus
648 3243 677 3292 et
687 3242 798 3293 astante
818 3231 907 3291 nobili
926 3249 1034 3311 puero,
1051 3250 1136 3312 quem

144 3317 309 3379 exulantem
323 3337 339 3378 e
355 3320 484 3397 proxima
496 3317 609 3378 Baleari
621 3317 714 3376 insula
728 3315 765 3375 ob
775 3316 803 3375 id
815 3319 907 3395 ipsum
921 3317 1074 3393 acciverat,
1087 3317 1127 3376 de«

143 3401 272 3483 ploravit
288 3410 450 3481 temporum
470 3411 591 3478 statum,
611 3400 862 3479 consalutatusque
880 3401 1037 3478 imperator
1054 3399 1125 3478 lega

143 3495 204 3547 tum
219 3503 251 3545 se
267 3494 382 3548 senatus
396 3504 430 3546 ac
442 3485 542 3564 populi
553 3486 588 3546 R.
602 3484 753 3563 professus
760 3493 814 3545 cst.
825 3483 1009 3545 Deiniustitio
1017 3483 1123 3534 annnam
