2286 3944
413 221 444 270 c.
466 221 650 270 canrounn.
968 210 1026 270 127

27 379 143 456 Sparsit
164 384 193 435 et
215 374 332 433 missilia
348 375 489 434 variarum
504 393 614 450 rerum,
642 384 670 433 et
687 375 802 451 panaria
821 393 883 434 cum
902 374 1026 435 obsonio

28 461 135 520 viritim
156 459 263 526 divisit;
287 476 342 535 qua
368 458 533 536 epulatione
560 458 648 535 equiti
673 458 708 518 R.
732 467 830 517 contra
851 477 884 518 se
909 459 1026 519 hilarius

27 543 199 620 avidiusque
226 541 356 600 vescenti
382 551 479 618 partes
509 559 576 600 suas
595 543 685 617 misit,
712 541 813 600 sedet
839 543 966 602 senatori
988 541 1025 601 ob

26 626 150 688 eandem
166 642 280 684 causam
303 622 470 701 codicillos,
490 624 591 702 quibus
613 633 775 702 praetorem
793 643 857 684 eum
878 635 960 685 extra
980 643 1025 685 or·

10 711 125 778 rdinem
140 707 318 784 designabat.
353 707 450 767 Edidit
472 716 502 766 et
524 709 670 767 circenses
694 707 833 786 plurimos
855 727 971 769 amane
989 707 1026 768 ad

28 809 197 873 vesperam,
229 792 380 850 interiecta
407 790 492 850 modo
523 790 724 851 Africanarum
752 793 907 851 venatione
938 791 1024 852 modo

25 877 133 938 'l'roiae
149 875 332 950 decursione,
356 883 385 933 et
401 874 541 952 quosdam
555 877 738 953 praecipuos,
759 874 845 934 minio
863 884 892 934 et
907 875 1025 949 chryso·

26 961 107 1021 colla
122 967 268 1018 constrato
288 959 377 1035 circo,
400 976 456 1017 nec
472 957 537 1016 ullis
551 959 606 1016 uisi
621 977 658 1017 ex
675 959 822 1018 senatorio
836 958 936 1017 ordine
951 958 1024 1018 auri·

24 1043 171 1122 gentibus.
209 1039 357 1100 Commisit
379 1050 407 1100 et
429 1040 555 1118 subitos,
577 1060 639 1100 oum
656 1060 673 1100 e
688 1041 837 1102 Gelotiana
859 1050 1025 1120 apparatum

10 1149 15 1188 t
26 1127 101 1188 circi
115 1125 341 1203 prospicientem
353 1125 438 1202 pauci
451 1143 488 1183 ex
500 1126 639 1202 proximis
650 1125 807 1185 lllaenianis
819 1125 1024 1202 postulassent.

90 1207 204 1268 Novum
222 1216 374 1285 praeterea
397 1216 481 1285 atque
507 1208 659 1267 inauditum
680 1226 772 1284 genus
793 1207 955 1285 spectaculi
974 1221 1066 1276 ex·19

25 1292 177 1370 cogitavit.
220 1289 292 1350 Nam
308 1290 438 1350 Baiarum
455 1291 578 1350 medium
601 1291 780 1351 intervallum
798 1291 833 1350 ad
852 1291 1025 1351 Puteolanas

24 1377 134 1452 moles,
155 1376 238 1433 trium
258 1373 363 1433 milium
385 1382 414 1433 et
435 1384 633 1434 sescentorum
654 1375 717 1434 fere
736 1393 869 1452 passuum
894 1376 1024 1453 spatium,

24 1469 117 1540 ponte
147 1458 310 1532 coniunxit,
346 1459 503 1517 contractis
528 1458 651 1537 undique
678 1461 818 1518 onerariis
850 1458 969 1518 navibus
996 1465 1026 1517 et

10 1543 128 1608 tordine
146 1541 252 1620 duplici
267 1540 302 1600 ad
317 1540 460 1602 anchoras
477 1541 651 1618 conlocatis,
673 1543 898 1620 superiectoque
914 1559 1025 1618 aggere

24 1638 145 1688 terreno
165 1643 200 1685 ac
216 1623 327 1684 directo
347 1625 376 1683 in
393 1623 508 1702 Appiae
529 1627 593 1684 viae
613 1625 742 1685 formam.
781 1626 838 1686 Per
859 1625 934 1685 hunc
954 1643 1024 1702 pou-

24 1722 84 1771 tem
98 1708 174 1769 ultro
197 1709 269 1768 citro
291 1710 461 1767 commeavit
474 1707 561 1768 biduo
581 1710 751 1785 continenti,
771 1711 863 1788 primo
885 1708 931 1767 die
954 1708 1024 1768 lale·

24 1803 90 1854 rato
121 1808 196 1870 equo
219 1792 398 1869 insignisque
424 1809 550 1869 quercea
571 1809 679 1852 corona
700 1801 729 1851 et
757 1802 854 1852 caetra
876 1801 904 1851 et
927 1790 1025 1868 gladio

24 1893 172 1954 aureaque
188 1873 326 1951 clamide,
350 1875 490 1952 postrIdie
506 1875 688 1954 quadrigario
710 1875 807 1935 habitu
824 1875 1025 1952 curriculoque

10 1959 116 2036 *biiugi
141 1958 317 2017 famosorum
333 1975 486 2036 equorum,
509 1978 579 2037 prae
602 1978 634 2018 se
654 1960 753 2018 ferens
767 1958 892 2019 Dareum
907 1974 1026 2035 puerum

23 2063 64 2104 ex
85 2041 254 2102 Parthorum
272 2040 436 2118 obsidibus,
466 2043 618 2101 comitante
646 2044 892 2119 praetorianorum
912 2041 1025 2116 agmine

23 2136 56 2187 et
66 2127 95 2185 in
113 2123 224 2184 essedis
238 2124 358 2184 colrorte
373 2127 538 2185 amicorum.
576 2125 643 2184 Scio
659 2125 817 2203 plerosque
833 2125 1025 2199 existimasse,

23 2209 112 2271 talem
130 2226 147 2268 a
165 2207 236 2268 Gaio
258 2218 375 2287 pontem
397 2211 593 2285 excogitatum
615 2207 805 2267 aemulatione
822 2206 946 2282 Xerxis,
978 2207 1026 2284 qui

23 2310 84 2353 non
110 2293 171 2350 sine
199 2291 387 2351 admiratione
415 2293 559 2370 aliquanto
587 2291 781 2368 angustiorem
807 2291 1025 2370 Hellespontum

10 2374 271 2444 tcontabulaverit;
300 2375 390 2450 alios,
409 2385 439 2435 ut
461 2374 638 2436 Germaniam
662 2383 691 2433 et
714 2373 900 2451 Britanniam,
923 2373 1024 2453 quibus

22 2457 206 2534 imminebat,
239 2458 359 2518 alicuius
388 2459 507 2518 inmensi
535 2459 633 2537 operis
661 2458 735 2520 lama
762 2459 916 2518 territaret.
967 2457 1026 2518 Sed

23 2560 110 2604 avum
129 2559 221 2600 meum
246 2550 408 2601 narrantem
429 2561 501 2620 puer
525 2542 688 2618 audiebam,
724 2560 837 2602 causam
867 2543 965 2621 operis
989 2541 1024 2601 ab

24 2624 211 2686 interioribus
239 2625 340 2684 aulicis
361 2626 502 2704 proditam
519 2626 596 2704 quod
622 2626 780 2701 Thrasylus
810 2626 1025 2686 mathematicus

24 2709 113 2770 anxio
130 2708 165 2766 de
189 2725 361 2767 successore
384 2708 501 2769 Tiberio
520 2719 549 2769 et
571 2711 599 2768 in
618 2728 717 2769 verum
739 2719 875 2787 nepotem
896 2709 1025 2786 proniori

10 2793 214 2867 refirmasset,
253 2809 315 2851 non
339 2792 439 2871 mopis
469 2793 578 2852 Gaium
609 2793 831 2870 imperaturum
856 2809 947 2871 quam
967 2807 1026 2868 per

24 2875 181 2936 Baianum
192 2873 292 2934 sinum
306 2875 391 2953 equis
404 2875 625 2936 diocaesaream.

88 2957 187 3018 Edidit
201 2967 230 3017 et
242 2976 368 3036 peregre
386 2960 567 3038 spectacula,
590 2961 618 3018 in
635 2959 732 3018 Sicilia
748 2957 899 3032 Syracusis
916 2955 1024 3014 asticos
1034 2967 1068 3020 20

24 3041 125 3118 ludos,
156 3049 184 3099 et
205 3042 234 3099 in
260 3040 352 3102 Gallia
377 3042 525 3119 Lnguduui
546 3042 709 3111 miscellos;
738 3040 857 3100 sedhic
880 3047 1025 3098 certamen

24 3142 142 3205 quoque
158 3122 288 3184 Graecae
302 3124 477 3204 Latinaeque
492 3126 660 3202 facundiae,
684 3141 740 3202 quo
762 3125 916 3183 certamine
931 3122 1027 3182 lerunt

10 3207 187 3268 tvictoribus
217 3209 344 3287 praemia
367 3210 460 3270 victos
488 3210 660 3285 contulisse,
689 3207 844 3266 eorundem
868 3215 897 3265 et
925 3204 1026 3266 laudes

26 3309 206 3370 componere
223 3301 360 3362 coactos;
384 3310 437 3352 eos
461 3301 571 3369 autem,
597 3292 777 3370 quimaxime
800 3290 1026 3368 displicuissent,

25 3377 136 3454 scripta
166 3393 217 3435 sua
250 3392 374 3454 sponset
414 3377 546 3451 'inguave
570 3375 670 3435 delere
696 3376 808 3450 iussos,
842 3375 896 3434 nisi
925 3373 1018 3434 ferulis

25 3458 175 3537 obiurgari
190 3466 237 3518 aut
252 3457 355 3518 flum....
393 3461 513 3517 -ewfmo
528 3459 620 3528 mergi
636 3458 810 3518 maluissent.
