2286 3944
135 202 197 264 238
216 213 246 261 c.
259 212 409 260 sacroru
422 211 551 270 nauso.
566 210 613 256 nn
625 208 709 257 vrrs
722 207 914 258 cansarum
925 211 997 257 are.
1009 213 1080 258 imi.

137 369 350 448 praefecturam
368 383 484 445 quoque
501 366 628 443 praetori
643 366 775 443 suscepit
789 383 947 443 numquam
968 367 1004 426 ad
1026 367 1054 426 id
1069 376 1127 426 tem·

136 472 190 532 pus
208 454 261 510 nisi
276 450 312 509 ab
328 469 375 528 eq.
394 451 429 509 tt.
447 449 680 525 administratam,
696 450 815 527 egitque
828 449 981 527 aliquantu
994 451 1126 510 incivilius

136 545 165 596 et
181 534 344 594 uiolentius.
384 533 531 611 Siquidem
547 535 795 611 suspectissimum
810 551 960 611 quemque
976 535 1047 611 sibi,
1064 553 1126 594 sun·

135 621 231 679 missis
248 620 296 696 qui
311 636 365 696 per
383 617 494 677 theatra
510 626 540 676 et
562 626 657 676 castra
679 618 761 694 quasi
784 634 933 676 consensu
955 617 991 677 ad
1014 635 1127 696 poenam

137 703 345 781 deposcerent,
360 701 434 761 haud
450 709 617 761 cunctanter
634 702 791 780 oppressit.
827 699 860 760 ln
876 701 922 760 his
938 701 1045 760 Aulum
1064 701 1126 762 Cae·

138 789 231 847 cinam
248 786 445 860 consularem,
467 794 601 844 vocatum
615 784 652 843 ad
669 802 787 844 caenam
810 802 846 844 ac
866 785 987 844 vixdum
1009 787 1124 845 triclinio

138 889 300 949 egressum,
315 869 432 929 confodi
444 870 538 935 iussit;
551 886 621 927 sane
633 877 776 946 urguente
788 867 966 945 discrimine,
980 889 1044 929 cum
1052 871 1124 929 etiam

139 954 364 1031 chirographum
383 955 444 1011 eius
458 961 648 1031 praeparatae
663 951 738 1030 apud
752 951 859 1011 milites
873 955 1019 1013 contionis
1032 953 1122 1032 depre-

137 1038 296 1098 hendisset.
327 1036 437 1111 Quibus
457 1036 544 1095 rebus
568 1037 642 1094 sicut
662 1037 691 1094 in
716 1045 863 1114 posterum
889 1040 1040 1098 securitati
1064 1037 1121 1096 satis

139 1123 231 1197 cauit,
254 1125 293 1180 ita
315 1121 510 1199 adpraesens
533 1119 682 1198 plurimum
702 1121 844 1179 contraxit
860 1120 1003 1198 invidiae,
1028 1131 1057 1180 ut
1072 1132 1134 1189 nont

139 1215 249 1265 temere
267 1206 331 1283 qnis
346 1214 402 1262 tam
425 1203 549 1262 adverso
571 1221 687 1263 rumore
707 1205 856 1281 magisque
880 1205 980 1264 invitis
1002 1205 1118 1265 omnibus

139 1289 284 1348 transierit
300 1286 335 1347 ad
351 1289 551 1364 principatum.

107 1386 123 1448 q
203 1371 322 1430 Praeter
337 1372 485 1429 saevitiam
501 1379 639 1447 suspecta
654 1372 682 1428 in
693 1387 729 1430 eo
742 1373 826 1431 etiam
838 1371 953 1431 luxuria
967 1383 1039 1448 erat,
1054 1370 1114 1450 quod

138 1455 174 1514 ad
188 1453 309 1512 mediam
325 1463 440 1512 noctem
463 1456 684 1513 comissationes
700 1472 763 1513 cum
784 1454 989 1533 profusissimo
1014 1472 1112 1534 quoque

136 1537 315 1597 familiarium
330 1536 515 1607 extenderet;
540 1556 596 1597 nec
618 1540 708 1597 minus
731 1538 835 1614 libido,
856 1548 981 1618 propter
1000 1539 1112 1600 exoleto·

136 1640 198 1680 rum
214 1629 242 1679 et
257 1620 417 1698 spadonum
432 1639 542 1698 greges
559 1631 738 1701 propterque
752 1623 894 1700 insignem
910 1626 1031 1700 reginae
1042 1623 1109 1681 bere·

136 1707 217 1763 nices
234 1722 371 1781 amorem,
388 1707 433 1764 cui
451 1708 536 1764 etiarn
551 1708 666 1783 nuptias
681 1705 827 1784 pollicitus
845 1706 1010 1776 ferebatur;
1028 1723 1108 1784 suspe

138 1798 184 1848 cta
199 1791 356 1867 rapacitas,
375 1789 452 1867 quod
469 1788 620 1849 constabat
643 1791 671 1848 in
695 1790 910 1868 cognitionibus
926 1793 1017 1868 patris
1032 1788 1109 1850 nundi·

137 1875 199 1932 nari
215 1874 424 1952 praemiarique
438 1873 570 1942 solitum;
586 1873 710 1950 deniqne
722 1875 872 1952 propalam
885 1875 971 1934 aliurn
983 1875 1110 1935 Neronem

138 1967 167 2018 et
184 1956 372 2036 opinabantur
387 1966 416 2017 et
438 1956 652 2035 praedicabant.
694 1957 732 2017 dt
755 1959 797 2018 illi
819 1977 853 2019 ea
876 1959 952 2018 fama
977 1976 1029 2039 pro
1049 1959 1110 2017 bono

139 2042 227 2102 cessit
244 2059 442 2120 conversaque
459 2043 547 2100 estin
564 2043 701 2102 maximas
716 2041 832 2119 landes,
855 2060 951 2120 neque
974 2045 1043 2102 vitio
1067 2041 1110 2100 ullo

138 2135 257 2204 reperto
273 2135 302 2184 et
317 2136 417 2184 contra
431 2127 581 2184 virtutibus
595 2128 718 2185 suminis.

200 2207 340 2268 Convivia
361 2210 478 2268 instituit
495 2209 616 2268 iucunda
636 2212 729 2286 magis
746 2227 828 2288 quam
845 2209 975 2287 profusa.
1009 2209 1112 2268 Amicus

138 2292 237 2369 elegit,
259 2292 360 2370 quibus
380 2294 464 2353 etiarn
480 2302 547 2371 post
562 2312 626 2352 enm
642 2294 788 2372 principes
806 2302 835 2352 ut
856 2301 885 2352 et
907 2293 962 2352 sibi
983 2303 1012 2352 et
1032 2295 1072 2352 rei
1092 2311 1112 2371 p.

137 2379 313 2435 necessariis
328 2375 537 2454 adquieverunt
553 2379 770 2456 praecipueque
787 2385 852 2436 sunt
873 2379 926 2437 usi.
966 2377 1113 2437 Berenicen

136 2459 230 2518 statim
246 2458 281 2517 ab
297 2458 370 2517 urbe
386 2459 500 2535 dimisit,
518 2462 621 2520 invitus
637 2463 761 2520 invitam.
802 2460 947 2535 Quosdam
963 2479 980 2520 e
997 2463 1114 2539 gratissi·
1131 2446 1134 2517 l

136 2542 189 2599 mis
205 2539 404 2616 delicatorum,
421 2561 590 2621 quamquam
606 2554 662 2604 tam
677 2545 803 2604 artifices
818 2545 994 2621 saltationis,
1015 2555 1044 2604 ut
1059 2561 1116 2604 mon

138 2642 271 2686 scaenam
285 2627 438 2701 tenuerint,
454 2645 511 2685 non
528 2628 613 2686 modo
630 2629 732 2688 fovere
748 2629 905 2707 prolixius,
923 2627 977 2687 sed
992 2639 1116 2708 spectare

138 2709 250 2768 omnino
266 2709 294 2766 in
314 2708 431 2786 publico
448 2719 534 2769 coetu
548 2711 720 2789 supersedit.
754 2711 831 2771 Nulli
850 2713 953 2771 civium
975 2716 1117 2792 quicquan

137 2792 254 2859 ademit;
274 2790 408 2851 abstinuit
423 2793 529 2870 alieno,
544 2804 573 2854 ut
587 2797 610 2855 si
626 2799 689 2874 quis
704 2813 852 2874 umquam;
869 2813 904 2855 ac
919 2815 955 2854 ne
969 2808 1134 2857 concessast

137 2876 250 2953 quidem
278 2895 312 2936 ac
334 2876 434 2935 solitas
458 2879 637 2938 conlationes
659 2882 782 2956 recepit.
823 2879 861 2938 Et
891 2888 987 2938 tamen
1014 2883 1119 2940 nemine

136 2969 201 3019 ante
218 2978 250 3018 se
264 2961 456 3021 munificentia
476 2963 583 3039 minor,
608 2963 818 3040 amphitheatro
841 2961 974 3022 dedicato
996 2965 1120 3024 thermis·

136 3061 192 3120 que
212 3043 289 3103 iuxta
311 3044 446 3104 celeriter
466 3047 620 3122 extructis,
644 3065 744 3105 munus
766 3046 853 3106 edidit
876 3049 1121 3125 apparatissimum

134 3125 398 3206 largissimamque;
422 3128 500 3188 dedit
514 3139 543 3188 et
561 3131 663 3190 navale
688 3130 828 3208 proelium
848 3133 876 3189 in
898 3131 991 3189 ueteri
1013 3151 1122 3193 nauma-

136 3208 208 3285 chia,
232 3210 337 3270 ibidem
361 3221 389 3270 et
415 3212 595 3290 gladiatores
622 3225 708 3293 atque
734 3232 791 3274 uno
818 3214 864 3273 die
897 3216 1022 3292 quinque
1049 3217 1134 3275 milia:

135 3307 220 3350 omne
239 3312 331 3369 genus
347 3297 481 3355 ferarum.

102 3380 119 3434 8
193 3374 300 3437 Natura
316 3388 407 3436 autem
425 3379 721 3458 trau-vatanueermm,
743 3401 805 3442 curn
829 3400 865 3441 ex
884 3383 1011 3441 instituto
1028 3384 1126 3443 Tiberi

134 3471 234 3515 omnes
261 3459 354 3510 ἀρὴ».
405 3495 422 3514 u
561 3485 684 3518 --·-·.---·=
719 3484 733 3506 ⁰
758 3466 956 3526 enrarioribus
982 3485 1126 3528 concessa
