2286 3944
118 182 177 242 132
210 192 241 241 e.
257 188 405 239 semrom
420 188 548 248 russo.
564 188 613 234 ns
627 187 711 235 vrrs
726 187 916 237 csnssnusr
931 191 1006 237 um.
1022 192 1086 239 1111.

116 350 222 408 seriem
238 360 476 421 recognoscens,
502 341 608 402 nullius
624 344 758 421 inspecto
774 343 894 420 elogio,
923 353 1009 404 stans
1025 355 1125 407 tantum

115 431 201 492 modo
232 431 305 488 intra
335 429 477 506 porticum
500 425 638 502 mediam,
664 445 686 487 a
712 426 804 488 eoloo
834 427 880 490 od
910 428 1040 489 calvum
1066 429 1124 490 duri

115 515 277 594 imperarit.
320 514 428 572 Votum
444 512 544 587 exegit
561 509 596 570 ab
614 528 666 587 eo,
698 512 747 591 qni
762 528 817 590 pro
833 511 929 572 salute
947 532 1003 573 sua
1019 514 1123 591 gladia·

114 600 218 660 toriam
240 614 361 676 operam
381 596 573 674 promiserat,
601 596 805 675 spectauitque
826 594 909 655 ferro
932 595 1123 674 dimicantem

115 702 171 743 uec
196 682 302 742 dimisit
327 681 382 739 nisi
401 681 542 740 rictorem
558 688 587 738 et
607 687 676 757 post
692 679 795 740 multas
817 696 937 757 preces.
984 681 1122 758 Alterum,

116 768 166 848 qui
186 786 219 826 se
246 765 404 845 periturum
430 763 522 824 eade
545 773 789 839 causaroverat,
816 772 1005 824 cunctantem
1031 768 1123 844 pueris

115 850 245 919 tradidit:
281 849 469 909 uerbenatum
494 847 698 925 infulatumque
727 858 825 906 votum
853 859 1054 927 reposcentes
1075 869 1123 930 per

117 937 200 996 vicos
228 942 363 1012 agerent,
393 930 488 1011 quoad
518 933 759 1010 praecipitaretur
787 950 824 990 ex
850 949 976 1009 aggere.
1022 933 1122 994 lhultos

115 1021 231 1081 honesti
246 1017 371 1093 ordinis,
403 1015 580 1075 deformatos
602 1017 681 1095 prius
702 1015 865 1093 stigmatum
884 1017 981 1095 notis,
1011 1017 1048 1078 ad
1069 1037 1121 1077 me·

116 1105 187 1165 talla
209 1111 238 1161 et
256 1100 426 1161 munitiones
449 1101 556 1158 viarum
582 1099 687 1180 autad
701 1099 809 1160 bestias
829 1098 1052 1179 condemnarit,
1079 1111 1143 1161 autt

117 1188 273 1249 bestiarum
303 1200 385 1243 more
415 1181 609 1262 quadripedes
639 1202 730 1245 cavea
759 1185 907 1260 coercuit,
939 1194 990 1245 aut
1015 1185 1122 1246 medios

118 1289 199 1333 serra
215 1268 368 1336 dissecuit;
390 1285 445 1327 nec
465 1284 565 1326 omnes
582 1267 722 1344 gravibus
740 1286 778 1328 ex
797 1269 910 1344 causis,
932 1287 1037 1330 rerum
1051 1270 1122 1330 male

118 1356 154 1416 de
174 1370 291 1413 munere
317 1367 368 1410 suo
395 1353 545 1430 opinatos,
577 1351 626 1411 vel
653 1351 729 1431 quod
751 1369 904 1432 numquam
926 1371 983 1432 per
1010 1356 1121 1433 genium

116 1456 195 1499 suum
210 1436 400 1495 deierasseut.
445 1434 585 1495 Parentes
603 1437 749 1516 supplicio
766 1437 892 1497 filiorum
913 1437 1062 1500 interesse
1078 1456 1121 1499 co·

115 1520 218 1600 gebat;
251 1536 370 1598 quorum
396 1519 444 1578 uni
473 1519 660 1580 valitudinem
692 1523 843 1583 excusanti
873 1520 1013 1584 lecticam
1040 1524 1136 1599 misit,1

115 1605 199 1667 alium
216 1622 233 1663 a
250 1602 421 1681 spectaculo
444 1621 557 1682 poenae
574 1605 668 1684 epulis
689 1607 784 1665 statim
800 1603 930 1666 adhibuit
946 1615 1037 1686 atque
1051 1610 1123 1668 omni

117 1689 251 1749 comitate
266 1685 303 1747 ad
319 1686 493 1748 hilaritatem
512 1697 542 1748 et
557 1690 641 1749 iocos
663 1691 844 1769 provocarit.
873 1687 1049 1752 curatorem
1068 1711 1121 1752 mu·

115 1789 214 1833 nerum
236 1790 271 1832 ac
286 1773 484 1851 venationum,
511 1791 564 1852 per
584 1775 736 1835 continuos
758 1773 867 1835 diesin
886 1785 1051 1854 conspectu
1073 1793 1122 1837 suo

116 1857 227 1919 catenis
243 1856 445 1935 verberatum,
468 1875 525 1917 non
550 1859 628 1937 prius
644 1857 752 1919 occidit
771 1876 855 1937 qnam
875 1858 1007 1920 offensus
1029 1869 1122 1940 putre·

115 1942 185 2004 lacti
202 1940 317 2002 cerebri
332 1940 434 2002 odore.
472 1941 626 2003 Atellanae
648 1952 764 2022 poetam
779 1942 817 2004 ob
840 1941 965 2021 ambigui
981 1945 1044 2005 ioci
1061 1964 1122 2005 ver·

116 2028 237 2088 siculum
256 2025 348 2088 media
364 2025 565 2106 amphitheatri
583 2027 690 2088 harena
712 2027 772 2105 igni
796 2030 944 2088 cremavit.
989 2027 1124 2108 Equitem

115 2112 151 2172 R.
177 2111 322 2173 obiectum
344 2111 430 2190 feris,
462 2130 525 2173 curn
554 2130 587 2172 se
607 2114 790 2173 innocentem
818 2111 1054 2192 proclamasset,
1082 2132 1122 2173 re·

74 2207 108 2261 18
117 2195 209 2273 duxit,
241 2195 416 2275 abscisaque
437 2195 535 2274 lingua
556 2215 656 2257 rursus
675 2196 793 2257 induxit.
837 2197 1021 2258 Revocatum
1039 2217 1122 2277 quen·

117 2278 180 2340 dem
207 2297 224 2340 a
251 2290 352 2342 vetere
383 2279 472 2340 exilio
501 2281 681 2359 sciscitatus,
711 2279 844 2360 quidnam
868 2279 908 2340 ibi
931 2281 1037 2342 lacere
1060 2300 1122 2343 con·

114 2373 245 2439 suescat,
277 2363 475 2442 respondente
502 2382 537 2424 eo
564 2383 618 2441 per
644 2365 850 2426 adulationem:
886 2363 973 2427 neos
1003 2383 1135 2445 semper

114 2447 207 2507 orons·
219 2452 269 2521 ut,
293 2446 378 2524 qnod
395 2446 506 2523 coemit,
524 2447 646 2525 periret
663 2447 821 2526 Tiberino,
848 2456 877 2510 ot
890 2454 922 2510 tu
935 2449 1122 2528 imperares,

114 2528 236 2607 opinans
264 2528 319 2588 sibi
341 2546 457 2610 qnoque
480 2531 582 2591 exules
609 2550 678 2592 suos
700 2542 822 2594 mortem
846 2535 1022 2613 imprecari,
1051 2536 1123 2595 misit

115 2612 221 2672 circum
236 2611 361 2691 insulas,
390 2613 438 2692 qui
453 2617 606 2676 universos
630 2617 874 2679 contrucidarent.
907 2615 978 2678 (lum
995 2618 1122 2698 discerpi

113 2705 278 2757 senatorem
308 2697 508 2776 concupisset,
544 2699 728 2779 subornarit,
758 2705 806 2781 qui
831 2701 1048 2780 ingredientem
1077 2722 1121 2763 cu-

112 2780 184 2841 riam
199 2789 321 2860 repente
344 2780 457 2841 hostem
474 2784 620 2862 publicum
638 2786 821 2866 appellantes
840 2785 1030 2865 invaderent,
1058 2804 1121 2867 gra·
1142 2805 1143 2827 ¹

113 2863 238 2944 phisque
257 2865 422 2926 confossum
448 2865 632 2930 lacerandum
656 2873 763 2932 ceteris
790 2870 952 2940 traderent:
975 2890 1035 2933 nec
1059 2879 1121 2934 ante

113 2949 232 3009 satiatus
249 2958 294 3009 est
312 2968 395 3029 quam
410 2952 538 3015 membra
561 2963 589 3014 et
605 2965 683 3016 artus
699 2965 729 3017 et
750 2957 866 3017 viscera
886 2955 1013 3016 hominis
1032 2964 1122 3018 tracta

69 3041 104 3095 19
114 3049 168 3108 por
189 3033 272 3093 moos
301 3042 387 3113 atque
419 3047 485 3098 ante
513 3057 545 3098 se
573 3049 714 3118 congesta
741 3041 871 3101 vidisset.
915 3039 1121 3102 Immanissima

112 3116 189 3175 facta
218 3117 344 3194 augebat
369 3124 520 3184 atrocitate
545 3123 710 3185 verborum.
754 3124 831 3186 Nihil
853 3125 946 3202 magis
966 3125 995 3184 in
1022 3135 1122 3187 natura

112 3214 164 3258 sun
184 3199 300 3261 laudare
321 3220 353 3261 se
379 3221 414 3263 ac
440 3208 568 3288 probare
588 3209 704 3270 dicebat
724 3228 824 3290 qnam,
856 3219 885 3269 ut
906 3207 999 3286 ipsius
1028 3208 1120 3270 verbo

110 3288 189 3358 ”tals
218 3270 438 3364 ἅδιᾱῑθδψίᾱν
463 3292 532 3373 [boc
554 3302 598 3353 est
612 3293 869 3372 inverecundiaml.
913 3292 1048 3354 blonenti
1064 3293 1120 3354 An-

109 3365 207 3462 tpniae
223 3368 305 3464 apiae
322 3379 465 3452 tamquam
487 3396 586 3457 porum
607 3389 686 3438 esset
703 3395 761 3438 non
781 3377 938 3439 oboedire:
969 3375 1121 3440 Memento

111 3454 150 3509 att
171 3465 275 3511 omma
296 3454 364 3510 tte-⁹⁸¹¹t
400 3466 426 3502 β’
445 3461 475 3518 t‘re
497 3461 596 3521 ommis
615 3460 702 3518 iiam
759 3459 963 3518 l'mntnnrrrrna
986 3461 1120 3524 fratrem.
