2286 3944
142 233 205 296 29⁰
417 241 448 289 c.
470 241 635 290 sunnonur
656 240 872 301 rnunoumur

143 418 206 460 mus
218 396 383 477 praefectus
398 396 479 455 urbis
493 396 587 455 iactus
599 404 684 455 sexto
699 395 746 454 die
760 395 934 472 magistratu
949 415 984 455 se
996 396 1134 456 abdicavit

144 482 289 544 incivilem
312 488 486 558 potestatem
508 497 577 538 esse
598 488 766 539 contestans
789 496 819 538 a.
838 486 906 538 728.
925 486 1002 539 729.
1020 524 1051 538 ..
1073 480 1134 540 hies

145 567 206 628 sala
225 564 368 625 Corvinus
384 573 482 622 orator
499 573 564 622 ante
584 562 729 622 biennium
745 581 828 641 qnam
851 572 1019 622 moreretur
1037 567 1075 623 itu
1092 582 1134 621 me

143 652 262 710 moriam
275 658 304 707 et
319 667 433 707 sensum
450 647 558 722 amisit,
574 655 603 705 ut
616 649 667 705 vix
679 665 771 725 pauca
786 645 876 705 verba
893 648 1102 723 coniungeret,
1118 665 1134 704 et

143 735 178 795 ad
202 742 357 792 extremum
377 731 478 789 ulcere
493 730 548 789 sibi
571 733 648 789 circa
664 749 776 789 sacram
791 732 903 808 spinam
922 739 992 790 nato
1008 731 1099 790 inedia
1114 748 1134 789 st

146 817 274 879 coniecit
293 833 367 875 anno
385 815 487 874 aetatis
502 815 719 893 septuagesimo
735 813 828 873 alteru
844 831 873 872 u.
893 823 1066 875 763—765.

211 902 246 975 Q.
262 899 395 958 liuterius
413 907 562 976 promptus
578 907 606 956 et
620 898 771 975 popularis
787 906 885 956 orator
901 915 995 975 usque
1012 898 1048 959 ad
1062 916 1134 957 nona·

145 988 286 1064 gesimum
302 1000 396 1061 prope
415 1000 516 1040 anuum
531 984 560 1041 iu
574 998 684 1040 summo
699 980 812 1040 honore
828 983 1018 1040 consenescit
1033 1000 1062 1042 u.
1081 988 1134 1041 778.

208 1067 363 1126 Passienus
379 1075 462 1144 pater
479 1065 656 1124 declamator
672 1065 793 1140 insignis
808 1064 883 1123 diem
899 1063 973 1123 obiit
989 1083 1021 1124 u.
1037 1075 1102 1126 745.

209 1150 364 1209 Passienus
379 1149 454 1207 lilius
471 1147 572 1208 fraude
589 1147 705 1207 heredis
723 1166 792 1207 suae
807 1157 928 1207 necatur
952 1165 983 1207 α.
1000 1156 1062 1208 791.
1085 1147 1134 1208 Cri-

147 1253 228 1313 spus,
241 1235 391 1310 municeps
401 1231 744 1307 Visellieusis,tirociuio
759 1249 812 1291 suo
825 1233 853 1290 in
867 1241 969 1290 senatu
982 1235 1021 1291 ita
1035 1234 1134 1310 coepit

147 1318 259 1378 Patres
274 1315 443 1393 cosrmdpta'
459 1321 488 1374 et
505 1321 537 1373 tu
554 1313 693 1375 Caesar!
707 1324 828 1394 propter
844 1315 922 1393 quod
937 1315 1070 1376 simulata
1085 1333 1134 1374 ora«

147 1404 226 1460 tione
242 1398 411 1476 plenissime
426 1416 443 1457 a
458 1397 575 1456 Tiberio
595 1398 781 1459 conlaudatus
797 1408 850 1458 est.
885 1398 1030 1458 Plurimas
1045 1407 1134 1478 sponte

149 1500 252 1543 causas
276 1480 352 1558 apud
375 1483 570 1541 centumviros
589 1485 665 1560 egit,
691 1500 745 1562 pro
766 1501 821 1560 qua
841 1501 873 1541 re
894 1483 923 1541 iu
938 1482 1062 1542 basilica
1077 1482 1134 1542 Iulia

147 1568 209 1626 eius
230 1572 322 1624 statua
346 1567 441 1642 posita
464 1575 518 1625 est.
547 1564 721 1625 Consulatus
743 1565 816 1626 duos
833 1567 938 1642 gessit.
965 1567 1084 1628 Uxores
1097 1566 1134 1624 ha·

146 1650 206 1709 buit
222 1647 308 1724 duas,
327 1650 446 1726 primam
457 1648 624 1726 Domitiam,
641 1649 744 1709 deinde
756 1648 967 1727 Agrippinam,
985 1650 1064 1710 illam
1081 1651 1134 1709 ami·

148 1743 220 1809 tam,
249 1731 324 1791 hanc
351 1741 470 1792 matrem
493 1733 619 1793 Neronis
641 1732 784 1794 Caesaris.
832 1733 967 1793 Possedit
989 1733 1134 1793 bismilies

148 1817 319 1876 sestertium.
345 1815 473 1875 Omnium
488 1819 649 1896 principum
666 1821 787 1894 gratiam
801 1817 950 1896 adpetivit,
968 1818 1022 1877 sed
1038 1818 1134 1896 praeci·

147 1919 205 1981 pue
228 1898 260 1960 G.
281 1898 432 1977 Caesaris,
453 1919 536 1979 quem
558 1903 615 1959 iter
634 1901 788 1961 facientem
808 1909 925 1960 secutus
947 1911 994 1960 est
1016 1901 1134 1981 pedibus

147 1986 202 2046 liic
226 1983 305 2043 nullo
328 1982 460 2044 audiente
481 2003 496 2044 a
518 1984 637 2044 Nerone
660 1985 810 2063 [oportuit
830 1984 914 2063 Gaio]
940 1987 1134 2062 iuterrogatus,

148 2068 305 2128 haberetne
332 2071 406 2128 sicut
430 2071 494 2148 ipse
521 2087 583 2127 eum
611 2087 716 2129 sorore
743 2087 879 2146 germana
902 2069 1134 2143 consuetudinem

147 2151 282 2214 nondum
305 2151 407 2231 iuquit,
441 2155 620 2231 quantumvis
642 2152 780 2212 decenter
801 2161 830 2210 et
845 2160 944 2229 caute,
970 2171 1010 2211 ne
1032 2162 1078 2212 aut
1099 2170 1134 2210 ue

148 2235 244 2313 gando
263 2253 325 2294 eum
347 2245 483 2313 argueret
503 2246 550 2295 aut
575 2235 761 2295 adsentiendo
785 2244 877 2294 semet
890 2235 1045 2297 mendacio
1061 2235 1134 2295 debu«

148 2327 284 2379 nestoret.
322 2318 411 2377 Periit
427 2338 480 2397 per
494 2319 622 2379 fraudem
637 2320 828 2398 Agrippinae,
853 2337 935 2397 quam
949 2318 1089 2380 heredem
1102 2337 1134 2378 re⁴

148 2402 289 2479 liquerat,
312 2411 341 2460 et
363 2403 464 2462 funere
482 2403 598 2482 publico
621 2404 713 2462 elatus
731 2412 784 2462 est.
799 2401 928 2464 Scholia
943 2403 988 2462 ud
1004 2402 1134 2464 quenci.

150 2493 177 2558 4,
197 2493 243 2544 ss.

212 2566 244 2627 Ο.
271 2567 387 2626 Asinius
417 2567 531 2646 Gallus,
565 2571 657 2630 Asinii
679 2569 820 2630 Pollionis
844 2569 934 2647 lilius,
965 2574 1134 2632 cuiusetian

150 2652 288 2729 Virgilius
303 2652 443 2728 meminit,
459 2653 559 2714 diuisa
578 2654 695 2714 Tiberio
711 2653 861 2732 suppliciis
877 2663 998 2715 necatur
1013 2672 1044 2715 u.
1060 2662 1122 2716 767.

214 2735 331 2796 Cassius
355 2736 481 2796 Severus
504 2747 603 2798 orator
624 2739 778 2814 egregius,
807 2739 854 2816 qui
871 2737 1056 2812 Quintianum
1078 2735 1134 2798 illud

149 2820 335 2899 proverbium
344 2819 462 2898 luserat,
479 2823 622 2898 vigesimo
639 2823 738 2899 quinto
753 2821 832 2880 exilii
848 2824 890 2880 sui
905 2840 979 2883 anno
996 2825 1134 2883 insumus

152 2905 250 2983 inopia
267 2906 404 2980 moritur,
420 2907 470 2965 vix
485 2924 580 2985 panno
596 2905 723 2966 verenda
740 2913 890 2964 contectus
909 2923 939 2965 a.
959 2913 1125 2966 785-787.

216 2990 357 3048 Votienus
373 2988 518 3049 Montanus
541 2989 739 3051 Ἦιιιιιιιιιιιίε
757 2997 855 3048 orator
871 2991 900 3049 in
915 2988 1086 3050 Balearibus
1105 2990 1134 3046 iu

153 3071 223 3131 sulis
241 3075 372 3148 moritur,
389 3091 405 3132 a
421 3072 524 3133 'libe--
569 3075 595 3118 ·¹=
657 3080 787 3146 -ugatus
805 3090 833 3131 a.
853 3080 922 3133 780.
935 3081 1001 3132 781.

212 3154 353 3215 Domitius
371 3155 445 3215 Afer
463 3157 552 3217 Nerm·
566 3193 580 3202 -«
722 3174 787 3214 arus
816 3164 915 3216 orator
928 3155 1069 3234 habetur,
1099 3155 1134 3233 qui

151 3246 252 3314 postor
275 3238 544 3293 'tennemonn
582 3274 598 3286 ·1
732 3238 923 3300 nrrndantiain
946 3258 1038 3301 caena
1061 3241 1134 3299 mori·

154 3327 186 3362 Ἢ*
219 3357 220 3362 ,

232 3437 270 3468 ι..
382 3453 405 3458 ·=
517 3461 520 3466 .
635 3425 1027 3492 -·--.„nm.„grpotuithoc:

220 3493 279 3524 ’Μ’
512 3510 519 3518 ·
720 3493 822 3538 “““““““
825 3494 891 3554 plin«
939 3493 1010 3554 Cum
1027 3497 1134 3575 primun
