2286 3944
122 208 185 269 244
209 219 239 266 c.
252 217 403 267 suuuoun
419 216 546 276 nunno.
566 216 613 262 nn
629 216 712 264 uuus
732 215 923 265 cussinum
940 219 1012 267 nnn.
1025 221 1097 268 vus.

124 383 153 434 et
168 375 258 452 ipsius
271 374 377 449 imago.
410 369 586 432 Celebrahat
606 379 635 430 et
658 371 687 428 in
711 369 828 430 Albano
849 375 1025 448 quotannis
1046 375 1121 448 Quin·

124 459 234 536 quatria
259 457 422 531 Minervae,
449 455 494 514 cui
522 453 679 530 collegium
702 456 879 531 instituerat,
907 473 947 516 ex
971 475 1029 534 quo
1052 467 1119 516 sorte

124 540 200 600 ducti
218 540 385 616 magisterio
404 539 593 616 iungerentur
609 537 789 615 ederentque
812 540 936 599 eximias
960 542 1115 600 venationes

124 632 154 683 et
173 625 309 683 scenicos
333 622 434 699 ludos,
458 639 604 701 superque
628 629 776 680 oratorum
800 640 836 682 ac
859 632 1013 701 poetarum
1038 634 1111 683 certa·

124 726 210 767 muna.
1114 733 1133 771 t.

190 790 376 866 Congiarium
395 789 504 868 populo
523 806 699 848 nummorum
715 797 903 849 trecenorum
922 800 968 850 ter
981 790 1064 867 dedit,
1081 800 1108 850 at·

127 893 182 952 que
207 877 281 933 inter
307 873 475 952 spectacula
501 875 625 931 muneris
648 872 840 949 largissimum
866 875 993 952 epulum.
1033 876 1107 953 Septi·

126 958 253 1018 montiali
279 975 363 1016 sacro
389 956 517 1035 quidem,
546 958 656 1016 senatui
683 957 830 1034 equitique
855 962 999 1035 panariis,
1031 957 1107 1038 plehei

126 1041 276 1120 sportellis
296 1059 359 1100 cum
384 1040 507 1100 obsonio
531 1039 704 1116 distributis,
729 1041 837 1099 initium
857 1043 998 1103 vescendi
1021 1045 1106 1122 primus
1138 1094 1139 1098 ,

125 1125 210 1194 lecit;
230 1124 334 1201 dieque
353 1127 485 1201 proximo
504 1142 588 1184 omne
609 1141 703 1201 genus
720 1141 814 1182 rerum
829 1125 950 1186 missilia
964 1128 1105 1206 sparsit,et
1132 1145 1139 1161 i

127 1211 193 1286 quia
217 1226 285 1286 pars
310 1210 401 1266 maior
426 1209 499 1267 intre
524 1208 676 1286 popularia
706 1206 871 1284 deciderat,
908 1212 1104 1289 quinquagenas
1137 1231 1139 1285 ς

126 1300 254 1351 tesseras
277 1291 305 1348 in
328 1290 459 1366 singulos
484 1309 592 1350 cuneos
613 1292 756 1369 equestris
781 1309 816 1351 ac
849 1297 989 1354 senatorii
1020 1293 1104 1354 ordinis
1136 1312 1139 1350 ε

127 1375 331 1452 pronuntiavit.
1136 1398 1139 1408 ¹

97 1473 114 1522 5
188 1456 310 1515 Plurima
328 1466 357 1515 et
375 1457 552 1535 amplissima
572 1477 663 1536 opera
681 1458 813 1518 incendio
830 1458 983 1540 absumpta
996 1461 1105 1533 restituit,
1136 1482 1139 1517 ε

124 1542 152 1599 in
177 1542 239 1618 quis
260 1548 289 1599 et
310 1539 500 1620 Capitolium,
525 1542 602 1621 quod
623 1561 721 1601 rursus
743 1553 867 1610 arsetam
890 1545 944 1604 sed
963 1547 1054 1604 omniu
1069 1542 1105 1603 suh

124 1623 206 1683 titulo
219 1632 325 1684 tantum
337 1642 390 1684 suo
410 1643 444 1685 ac
463 1628 526 1686 sine
545 1626 603 1686 ulla
623 1626 734 1704 pristini
752 1627 878 1686 auctoris
894 1631 1043 1689 memoria.
1066 1627 1105 1688 llo·
1137 1649 1139 1685 ε

125 1725 190 1766 vam
203 1716 297 1768 autem
313 1709 451 1768 excitavit
469 1709 570 1769 aedem
587 1711 615 1768 in
634 1709 777 1788 Capitolio
797 1708 918 1772 Custodi
935 1712 1017 1790 lovi,
1039 1723 1065 1773 ct
1079 1713 1105 1770 lo
1137 1734 1139 1790 3

125 1810 187 1851 rum
206 1791 283 1870 quod
301 1811 376 1852 nunc
392 1792 509 1853 Nervae
525 1803 657 1870 vocatur,
676 1796 744 1852 item
763 1792 880 1856 Flaviae
899 1797 1039 1876 templum
1055 1813 1106 1874 geu·

125 1878 162 1935 tis
182 1885 210 1935 et
227 1877 348 1937 stadium
366 1885 395 1936 et
413 1877 514 1938 Odium
533 1887 561 1937 et
580 1877 794 1955 naumachiam,
818 1897 834 1938 e
862 1880 944 1941 cuius
967 1890 1068 1959 postea
1081 1879 1107 1938 la·
1137 1901 1139 1911 ¹

127 1960 194 2038 pide
224 1964 363 2020 maximus
388 1963 499 2038 circus,
533 1961 642 2022 deustis
675 1961 815 2042 utrimque
844 1963 1002 2042 lateribus,
1033 1975 1106 2025 exuu·
1128 1935 1139 2021 l

128 2054 190 2104 ctus
210 2054 264 2103 est.
1138 2068 1139 2080 ¹

100 2138 116 2191 6
192 2128 401 2206 Expeditiones
415 2131 516 2208 partim
535 2140 640 2208 sponte
658 2131 797 2208 suscepit,
819 2133 921 2208 partim
940 2135 1107 2193 necessario:

127 2221 231 2289 sponte
244 2213 272 2271 in
296 2210 432 2290 Catthos,
457 2216 625 2273 necessario
658 2231 741 2273 unam
767 2215 796 2273 in
820 2215 985 2294 Sarmatas,
1011 2217 1109 2294 legione
1137 2240 1139 2276 l

127 2313 190 2353 cum
207 2295 306 2370 legato
325 2297 407 2355 simul
426 2316 527 2373 caesa,
547 2299 574 2356 in
593 2298 691 2357 Dacos
715 2297 801 2374 duas,
817 2299 936 2377 primam
960 2300 1058 2380 Oppio
1075 2301 1108 2359 Sa·
1138 2324 1139 2358 1

125 2376 192 2435 hino
212 2378 357 2438 consulari
369 2397 531 2459 oppresso,
555 2381 709 2442 secundam
728 2380 866 2443 Cornelio
879 2382 993 2461 Fusco,
1014 2384 1108 2464 praele-
1130 2398 1139 2443 t

126 2467 173 2518 cto
192 2459 352 2520 cohortium
370 2466 634 2542 praetorianarum,
655 2467 700 2525 cui
726 2465 796 2527 belli
822 2485 958 2528 summam
976 2472 1109 2530 commise-
1137 2501 1139 2511 ·

124 2550 177 2602 rat.
205 2542 250 2601 De
268 2541 378 2604 Catthis
393 2546 540 2624 Dacisque
558 2558 624 2628 post
640 2549 720 2609 varia
737 2550 849 2628 proelia
866 2550 1014 2630 duplicem
1034 2554 1109 2613 trium·
1138 2576 1139 2595 l

124 2625 210 2768 phurq
235 2628 304 2703 egit.
349 2627 393 2688 De
424 2630 562 2691 Sarmatis
591 2633 718 2693 lauream
745 2633 832 2694 modo
866 2633 1036 2715 Capitolino
1064 2633 1110 2696 lovi

124 2712 242 2768 rettuit.

184 2792 295 2852 Bellum
312 2796 397 2855 civile
409 2806 517 2858 motum
532 2818 548 2858 a
561 2799 592 2858 L.
610 2799 753 2877 Antonio,
773 2803 932 2881 superioris
957 2803 1112 2866 Germaniae
1130 2819 1136 2857 t

124 2877 269 2955 praeside,
288 2880 415 2941 coniecit
432 2881 538 2943 absens
554 2883 695 2944 felicitate
709 2888 791 2961 mira,
812 2903 875 2946 cum
893 2887 959 2966 ipsa
970 2888 1112 2950 dimicatio·

122 2960 167 3019 nis
186 2960 260 3023 hora
279 2964 425 3026 resolutus
443 2977 567 3045 repente
583 2967 701 3028 Rhenus
723 2971 893 3030 transituras
917 2971 954 3031 ad
972 2971 1114 3034 Antonium

123 3046 225 3122 copias
245 3045 434 3109 harbarorum
450 3051 632 3112 inhibuisset.
675 3051 720 3112 De
743 3071 798 3131 qua
824 3055 947 3116 victoria
963 3056 1114 3135 praesagiis

122 3128 203 3202 prius
235 3149 318 3208 quam
345 3136 449 3194 nuntiis
472 3136 631 3214 comperit,
661 3135 801 3215 siquidem
824 3140 890 3216 ipso
925 3157 983 3217 quo
1013 3140 1114 3200 dimica·

121 3215 178 3268 tum
204 3223 266 3273 erat
295 3215 342 3276 die
364 3226 483 3278 statuam
518 3221 577 3280 eius
599 3220 711 3280 Romae
735 3221 856 3299 insignis
879 3222 977 3302 aquila
1001 3227 1138 3284 circen-2

120 3291 208 3366 plexa
228 3299 322 3372 pinnis
338 3300 486 3378 clangere-1
526 3304 688 3364 eetissimcs
702 3304 805 3376 edidit;
823 3306 970 3386 pauloque
989 3318 1060 3387 post
1078 3324 1114 3367 cc·

120 3372 209 3433 cisum
222 3379 368 3442 Antonius
398 3404 442 3430 ss„
504 3405 626 3463 uvarum
643 3396 697 3462 est,
716 3397 747 3447 ut
771 3398 858 3469 caput
882 3408 999 3470 quoque
1020 3392 1114 3471 adpor-

117 3461 203 3514 lulum
219 3463 274 3506 ssiri·
314 3465 402 3510 rid...
449 3501 458 3509 s
497 3469 615 3518 ,ln-inrue
637 3470 854 3534 contenderant,
