<?xml version="1.0" encoding="UTF-8"?>
<!DOCTYPE html PUBLIC "-//W3C//DTD XHTML 1.0 Transitional//EN"
    "http://www.w3.org/TR/xhtml1/DTD/xhtml1-transitional.dtd">
<html xmlns="http://www.w3.org/1999/xhtml" xml:lang="en" lang="en">
 <head>
  <title>
</title>
<meta http-equiv="Content-Type" content="text/html;charset=utf-8" />
  <meta name='ocr-system' content='tesseract 3.04.00' />
  <meta name='ocr-capabilities' content='ocr_page ocr_carea ocr_par ocr_line ocrx_word'/>
</head>
<body>
  <div class='ocr_page' id='page_1' title='image "./csuetonitranqui01suetgoog_0319.png"; bbox 0 0 2286 3944; ppageno 0'>
   <div class='ocr_carea' id='block_1_1' title="bbox 127 224 1063 292">
    <p class='ocr_par' dir='ltr' id='par_1_1' title="bbox 127 224 1063 292">
     <span class='ocr_line' id='line_1_1' title="bbox 127 224 1063 292; baseline -0.003 -8"><span class='ocrx_word' id='word_1_1' title='bbox 127 224 189 284; x_wconf 82' lang='lat'><strong>212</strong></span> <span class='ocrx_word' id='word_1_2' title='bbox 212 233 241 281; x_wconf 88' lang='lat' dir='ltr'><strong>c.</strong></span> <span class='ocrx_word' id='word_1_3' title='bbox 258 232 407 280; x_wconf 82' lang='lat' dir='ltr'><strong>sonnonr</strong></span> <span class='ocrx_word' id='word_1_4' title='bbox 419 231 547 292; x_wconf 80' lang='lat' dir='ltr'><strong>nunno.</strong></span> <span class='ocrx_word' id='word_1_5' title='bbox 562 232 610 278; x_wconf 84' lang='lat' dir='ltr'><strong>nn</strong></span> <span class='ocrx_word' id='word_1_6' title='bbox 621 232 705 279; x_wconf 74' lang='lat' dir='ltr'><strong>vura</strong></span> <span class='ocrx_word' id='word_1_7' title='bbox 716 231 904 280; x_wconf 75' lang='lat' dir='ltr'><strong>cassanum</strong></span> <span class='ocrx_word' id='word_1_8' title='bbox 916 233 990 280; x_wconf 81' lang='lat' dir='ltr'><strong>nnn.</strong></span> <span class='ocrx_word' id='word_1_9' title='bbox 1003 234 1063 281; x_wconf 88' lang='lat' dir='ltr'><strong>vn.</strong></span> 
     </span>
    </p>
   </div>
   <div class='ocr_carea' id='block_1_2' title="bbox 76 385 1143 3569">
    <p class='ocr_par' dir='ltr' id='par_1_2' title="bbox 97 385 1143 1302">
     <span class='ocr_line' id='line_1_2' title="bbox 97 385 1118 470; baseline 0.002 -24"><span class='ocrx_word' id='word_1_10' title='bbox 97 410 116 470; x_wconf 68' lang='lat'><strong>7</strong></span> <span class='ocrx_word' id='word_1_11' title='bbox 190 386 265 446; x_wconf 86' lang='lat' dir='ltr'>Dein</span> <span class='ocrx_word' id='word_1_12' title='bbox 277 396 419 463; x_wconf 85' lang='lat' dir='ltr'><strong>vergente</strong></span> <span class='ocrx_word' id='word_1_13' title='bbox 433 388 489 445; x_wconf 89' lang='lat' dir='ltr'><strong>iem</strong></span> <span class='ocrx_word' id='word_1_14' title='bbox 500 385 546 445; x_wconf 90' lang='lat' dir='ltr'><strong>dic</strong></span> <span class='ocrx_word' id='word_1_15' title='bbox 558 388 709 462; x_wconf 89' lang='lat' dir='ltr'><strong>ingressus</strong></span> <span class='ocrx_word' id='word_1_16' title='bbox 723 396 865 464; x_wconf 88' lang='lat' dir='ltr'><strong>senatum,</strong></span> <span class='ocrx_word' id='word_1_17' title='bbox 879 390 1042 466; x_wconf 90' lang='lat' dir='ltr'><strong>positaque</strong></span> <span class='ocrx_word' id='word_1_18' title='bbox 1053 388 1118 448; x_wconf 73' lang='lat' dir='ltr'><strong>breul</strong></span> 
     </span>
     <span class='ocr_line' id='line_1_3' title="bbox 126 469 1117 548; baseline 0 -17"><span class='ocrx_word' id='word_1_19' title='bbox 126 473 239 532; x_wconf 91' lang='lat' dir='ltr'><strong>ratione</strong></span> <span class='ocrx_word' id='word_1_20' title='bbox 253 472 335 548; x_wconf 90' lang='lat' dir='ltr'><strong>quasi</strong></span> <span class='ocrx_word' id='word_1_21' title='bbox 347 479 447 548; x_wconf 90' lang='lat' dir='ltr'><strong>raptus</strong></span> <span class='ocrx_word' id='word_1_22' title='bbox 460 469 497 528; x_wconf 91' lang='lat' dir='ltr'><strong>de</strong></span> <span class='ocrx_word' id='word_1_23' title='bbox 511 469 629 548; x_wconf 90' lang='lat' dir='ltr'><strong>publico</strong></span> <span class='ocrx_word' id='word_1_24' title='bbox 642 479 671 530; x_wconf 93' lang='lat' dir='ltr'><strong>et</strong></span> <span class='ocrx_word' id='word_1_25' title='bbox 684 488 836 548; x_wconf 82' lang='lat' dir='ltr'><strong>suscipere</strong></span> <span class='ocrx_word' id='word_1_26' title='bbox 848 473 1006 548; x_wconf 89' lang='lat' dir='ltr'><strong>imperium</strong></span> <span class='ocrx_word' id='word_1_27' title='bbox 1021 474 1050 531; x_wconf 88' lang='lat' dir='ltr'><strong>vi</strong></span> <span class='ocrx_word' id='word_1_28' title='bbox 1067 489 1117 533; x_wconf 90' lang='lat' dir='ltr'><strong>coa·</strong></span> 
     </span>
     <span class='ocr_line' id='line_1_4' title="bbox 128 553 1117 635; baseline -0.003 -20"><span class='ocrx_word' id='word_1_29' title='bbox 128 565 191 616; x_wconf 90' lang='lat' dir='ltr'><strong>ctus</strong></span> <span class='ocrx_word' id='word_1_30' title='bbox 206 564 402 632; x_wconf 79' lang='lat' dir='ltr'><strong>gesturusque</strong></span> <span class='ocrx_word' id='word_1_31' title='bbox 422 556 564 613; x_wconf 92' lang='lat' dir='ltr'><strong>communi</strong></span> <span class='ocrx_word' id='word_1_32' title='bbox 581 555 705 615; x_wconf 92' lang='lat' dir='ltr'><strong>omnium</strong></span> <span class='ocrx_word' id='word_1_33' title='bbox 723 553 860 632; x_wconf 87' lang='lat' dir='ltr'><strong>arbitrio,</strong></span> <span class='ocrx_word' id='word_1_34' title='bbox 881 554 1029 616; x_wconf 88' lang='lat' dir='ltr'><strong>Palatium</strong></span> <span class='ocrx_word' id='word_1_35' title='bbox 1052 557 1117 635; x_wconf 92' lang='lat' dir='ltr'><strong>petit.</strong></span> 
     </span>
     <span class='ocr_line' id='line_1_5' title="bbox 127 637 1117 716; baseline 0 -18"><span class='ocrx_word' id='word_1_36' title='bbox 127 639 173 698; x_wconf 82' lang='lat' dir='ltr'><strong>Ac</strong></span> <span class='ocrx_word' id='word_1_37' title='bbox 186 657 274 716; x_wconf 89' lang='lat' dir='ltr'><strong>super</strong></span> <span class='ocrx_word' id='word_1_38' title='bbox 287 646 402 697; x_wconf 89' lang='lat' dir='ltr'><strong>ceteras</strong></span> <span class='ocrx_word' id='word_1_39' title='bbox 413 637 615 714; x_wconf 80' lang='lat' dir='ltr'><strong>gratulantium</strong></span> <span class='ocrx_word' id='word_1_40' title='bbox 628 637 860 716; x_wconf 84' lang='lat' dir='ltr'><strong>adulantiumque</strong></span> <span class='ocrx_word' id='word_1_41' title='bbox 871 637 1033 700; x_wconf 91' lang='lat' dir='ltr'><strong>blanditias</strong></span> <span class='ocrx_word' id='word_1_42' title='bbox 1045 639 1078 700; x_wconf 87' lang='lat' dir='ltr'><strong>ab</strong></span> <span class='ocrx_word' id='word_1_43' title='bbox 1087 642 1117 698; x_wconf 93' lang='lat' dir='ltr'><strong>iu·</strong></span> 
     </span>
     <span class='ocr_line' id='line_1_6' title="bbox 129 720 1131 800; baseline 0 -17"><span class='ocrx_word' id='word_1_44' title='bbox 129 724 194 784; x_wconf 91' lang='lat' dir='ltr'><strong>lima</strong></span> <span class='ocrx_word' id='word_1_45' title='bbox 207 721 296 800; x_wconf 86' lang='lat' dir='ltr'><strong>plebe</strong></span> <span class='ocrx_word' id='word_1_46' title='bbox 309 721 475 800; x_wconf 88' lang='lat' dir='ltr'><strong>appellatus</strong></span> <span class='ocrx_word' id='word_1_47' title='bbox 486 720 582 797; x_wconf 91' lang='lat' dir='ltr'><strong>Nero,</strong></span> <span class='ocrx_word' id='word_1_48' title='bbox 595 721 703 781; x_wconf 92' lang='lat' dir='ltr'><strong>nullum</strong></span> <span class='ocrx_word' id='word_1_49' title='bbox 716 721 852 781; x_wconf 89' lang='lat' dir='ltr'><strong>indicium</strong></span> <span class='ocrx_word' id='word_1_50' title='bbox 863 727 1033 783; x_wconf 90' lang='lat' dir='ltr'><strong>recusantis</strong></span> <span class='ocrx_word' id='word_1_51' title='bbox 1044 722 1131 799; x_wconf 73' lang='lat' dir='ltr'><strong>dediti</strong></span> 
     </span>
     <span class='ocr_line' id='line_1_7' title="bbox 130 803 1117 885; baseline -0.001 -19"><span class='ocrx_word' id='word_1_52' title='bbox 130 810 234 882; x_wconf 84' lang='lat' dir='ltr'><strong>immo,</strong></span> <span class='ocrx_word' id='word_1_53' title='bbox 249 816 279 865; x_wconf 89' lang='lat' dir='ltr'><strong>nt</strong></span> <span class='ocrx_word' id='word_1_54' title='bbox 295 805 409 883; x_wconf 93' lang='lat' dir='ltr'><strong>quidam</strong></span> <span class='ocrx_word' id='word_1_55' title='bbox 429 803 621 880; x_wconf 88' lang='lat' dir='ltr'><strong>tradiderunt,</strong></span> <span class='ocrx_word' id='word_1_56' title='bbox 643 807 728 864; x_wconf 89' lang='lat' dir='ltr'><strong>etiam</strong></span> <span class='ocrx_word' id='word_1_57' title='bbox 745 805 953 884; x_wconf 79' lang='lat' dir='ltr'><strong>diplomatibus</strong></span> <span class='ocrx_word' id='word_1_58' title='bbox 975 809 1117 885; x_wconf 83' lang='lat' dir='ltr'><strong>primisque</strong></span> 
     </span>
     <span class='ocr_line' id='line_1_8' title="bbox 130 888 1143 972; baseline -0.001 -21"><span class='ocrx_word' id='word_1_59' title='bbox 130 890 264 971; x_wconf 91' lang='lat' dir='ltr'><strong>epistulis</strong></span> <span class='ocrx_word' id='word_1_60' title='bbox 281 891 342 948; x_wconf 89' lang='lat' dir='ltr'><strong>suis</strong></span> <span class='ocrx_word' id='word_1_61' title='bbox 354 888 390 948; x_wconf 92' lang='lat' dir='ltr'><strong>ad</strong></span> <span class='ocrx_word' id='word_1_62' title='bbox 403 889 542 966; x_wconf 89' lang='lat' dir='ltr'><strong>quosdam</strong></span> <span class='ocrx_word' id='word_1_63' title='bbox 555 891 767 967; x_wconf 90' lang='lat' dir='ltr'><strong>provinciarum</strong></span> <span class='ocrx_word' id='word_1_64' title='bbox 779 890 932 967; x_wconf 89' lang='lat' dir='ltr'><strong>praesides</strong></span> <span class='ocrx_word' id='word_1_65' title='bbox 944 890 1072 952; x_wconf 89' lang='lat' dir='ltr'><strong>Neronis</strong></span> <span class='ocrx_word' id='word_1_66' title='bbox 1080 908 1116 950; x_wconf 88' lang='lat' dir='ltr'><strong>oo·</strong></span> <span class='ocrx_word' id='word_1_67' title='bbox 1142 953 1143 972; x_wconf 19' lang='grc' dir='ltr'>ἶ</span> 
     </span>
     <span class='ocr_line' id='line_1_9' title="bbox 131 971 1143 1054; baseline 0.001 -21"><span class='ocrx_word' id='word_1_68' title='bbox 131 991 257 1052; x_wconf 89' lang='lat' dir='ltr'><strong>gnomen</strong></span> <span class='ocrx_word' id='word_1_69' title='bbox 269 973 385 1033; x_wconf 88' lang='lat' dir='ltr'><strong>adiecit.</strong></span> <span class='ocrx_word' id='word_1_70' title='bbox 407 971 494 1032; x_wconf 83' lang='lat' dir='ltr'><strong>Certe</strong></span> <span class='ocrx_word' id='word_1_71' title='bbox 507 981 536 1031; x_wconf 90' lang='lat' dir='ltr'><strong>et</strong></span> <span class='ocrx_word' id='word_1_72' title='bbox 547 975 688 1049; x_wconf 90' lang='lat' dir='ltr'><strong>imagines</strong></span> <span class='ocrx_word' id='word_1_73' title='bbox 696 982 862 1052; x_wconf 89' lang='lat' dir='ltr'><strong>statuasque</strong></span> <span class='ocrx_word' id='word_1_74' title='bbox 872 976 937 1034; x_wconf 82' lang='lat' dir='ltr'><strong>eius</strong></span> <span class='ocrx_word' id='word_1_75' title='bbox 947 977 1054 1052; x_wconf 91' lang='lat' dir='ltr'><strong>reponi</strong></span> <span class='ocrx_word' id='word_1_76' title='bbox 1065 992 1115 1054; x_wconf 86' lang='lat' dir='ltr'><strong>pas·</strong></span> <span class='ocrx_word' id='word_1_77' title='bbox 1142 975 1143 979; x_wconf 73' lang='grc'>’</span> 
     </span>
     <span class='ocr_line' id='line_1_10' title="bbox 131 1056 1115 1135; baseline -0.002 -17"><span class='ocrx_word' id='word_1_78' title='bbox 131 1076 181 1118; x_wconf 90' lang='lat' dir='ltr'><strong>sns</strong></span> <span class='ocrx_word' id='word_1_79' title='bbox 198 1066 284 1116; x_wconf 90' lang='lat' dir='ltr'><strong>estet</strong></span> <span class='ocrx_word' id='word_1_80' title='bbox 300 1065 507 1135; x_wconf 85' lang='lat' dir='ltr'><strong>procuratores</strong></span> <span class='ocrx_word' id='word_1_81' title='bbox 520 1065 605 1135; x_wconf 90' lang='lat' dir='ltr'><strong>atque</strong></span> <span class='ocrx_word' id='word_1_82' title='bbox 620 1057 741 1116; x_wconf 89' lang='lat' dir='ltr'><strong>libertos</strong></span> <span class='ocrx_word' id='word_1_83' title='bbox 758 1056 794 1116; x_wconf 91' lang='lat' dir='ltr'><strong>ad</strong></span> <span class='ocrx_word' id='word_1_84' title='bbox 810 1056 914 1117; x_wconf 91' lang='lat' dir='ltr'><strong>eadem</strong></span> <span class='ocrx_word' id='word_1_85' title='bbox 932 1059 1034 1119; x_wconf 84' lang='lat' dir='ltr'><strong>officia</strong></span> <span class='ocrx_word' id='word_1_86' title='bbox 1047 1074 1115 1118; x_wconf 84' lang='lat' dir='ltr'><strong>revo-</strong></span> 
     </span>
     <span class='ocr_line' id='line_1_11' title="bbox 132 1139 1128 1220; baseline -0.002 -18"><span class='ocrx_word' id='word_1_87' title='bbox 132 1143 219 1217; x_wconf 86' lang='lat' dir='ltr'><strong>cavit,</strong></span> <span class='ocrx_word' id='word_1_88' title='bbox 230 1159 286 1200; x_wconf 92' lang='lat' dir='ltr'><strong>nec</strong></span> <span class='ocrx_word' id='word_1_89' title='bbox 298 1142 450 1220; x_wconf 93' lang='lat' dir='ltr'><strong>quicquam</strong></span> <span class='ocrx_word' id='word_1_90' title='bbox 463 1141 542 1218; x_wconf 93' lang='lat' dir='ltr'><strong>prius</strong></span> <span class='ocrx_word' id='word_1_91' title='bbox 555 1158 608 1219; x_wconf 95' lang='lat' dir='ltr'><strong>pro</strong></span> <span class='ocrx_word' id='word_1_92' title='bbox 622 1149 766 1218; x_wconf 89' lang='lat' dir='ltr'><strong>potestate</strong></span> <span class='ocrx_word' id='word_1_93' title='bbox 774 1139 949 1220; x_wconf 88' lang='lat' dir='ltr'><strong>subscripsit</strong></span> <span class='ocrx_word' id='word_1_94' title='bbox 957 1160 1043 1220; x_wconf 90' lang='lat' dir='ltr'><strong>quam</strong></span> <span class='ocrx_word' id='word_1_95' title='bbox 1051 1144 1114 1220; x_wconf 93' lang='lat' dir='ltr'><strong>quin·</strong></span> <span class='ocrx_word' id='word_1_96' title='bbox 1126 1170 1128 1181; x_wconf 56' lang='lat'><strong>⁴</strong></span> 
     </span>
     <span class='ocr_line' id='line_1_12' title="bbox 132 1224 956 1302; baseline 0 -18"><span class='ocrx_word' id='word_1_97' title='bbox 132 1227 247 1302; x_wconf 87' lang='lat' dir='ltr'><strong>genties</strong></span> <span class='ocrx_word' id='word_1_98' title='bbox 259 1226 423 1283; x_wconf 84' lang='lat' dir='ltr'><strong>sestertium</strong></span> <span class='ocrx_word' id='word_1_99' title='bbox 438 1224 473 1282; x_wconf 91' lang='lat' dir='ltr'><strong>ad</strong></span> <span class='ocrx_word' id='word_1_100' title='bbox 487 1224 683 1302; x_wconf 88' lang='lat' dir='ltr'><strong>peragendam</strong></span> <span class='ocrx_word' id='word_1_101' title='bbox 694 1224 819 1284; x_wconf 82' lang='lat' dir='ltr'><strong>Auream</strong></span> <span class='ocrx_word' id='word_1_102' title='bbox 831 1225 956 1284; x_wconf 92' lang='lat' dir='ltr'><strong>domum.</strong></span> 
     </span>
    </p>

    <p class='ocr_par' dir='ltr' id='par_1_3' title="bbox 130 1308 1143 1786">
     <span class='ocr_line' id='line_1_13' title="bbox 192 1308 1143 1386; baseline -0.003 -19"><span class='ocrx_word' id='word_1_103' title='bbox 192 1308 304 1368; x_wconf 88' lang='lat' dir='ltr'><strong>Dicitur</strong></span> <span class='ocrx_word' id='word_1_104' title='bbox 320 1325 354 1366; x_wconf 91' lang='lat' dir='ltr'><strong>ea</strong></span> <span class='ocrx_word' id='word_1_105' title='bbox 367 1317 453 1366; x_wconf 89' lang='lat' dir='ltr'><strong>nocte</strong></span> <span class='ocrx_word' id='word_1_106' title='bbox 465 1326 519 1386; x_wconf 91' lang='lat' dir='ltr'><strong>per</strong></span> <span class='ocrx_word' id='word_1_107' title='bbox 532 1311 657 1385; x_wconf 90' lang='lat' dir='ltr'><strong>quietern</strong></span> <span class='ocrx_word' id='word_1_108' title='bbox 669 1309 839 1386; x_wconf 81' lang='lat' dir='ltr'><strong>pavefactus</strong></span> <span class='ocrx_word' id='word_1_109' title='bbox 851 1312 978 1385; x_wconf 87' lang='lat' dir='ltr'><strong>&#39;gemitus</strong></span> <span class='ocrx_word' id='word_1_110' title='bbox 992 1311 1115 1370; x_wconf 86' lang='lat' dir='ltr'><strong>maximos</strong></span> <span class='ocrx_word' id='word_1_111' title='bbox 1142 1329 1143 1339; x_wconf 53' lang='lat'>¹</span> 
     </span>
     <span class='ocr_line' id='line_1_14' title="bbox 132 1388 1114 1469; baseline -0.002 -18"><span class='ocrx_word' id='word_1_112' title='bbox 132 1391 276 1466; x_wconf 85' lang='lat' dir='ltr'><strong>edidisse,</strong></span> <span class='ocrx_word' id='word_1_113' title='bbox 292 1388 485 1469; x_wconf 91' lang='lat' dir='ltr'><strong>repertusque</strong></span> <span class='ocrx_word' id='word_1_114' title='bbox 499 1409 516 1450; x_wconf 98' lang='lat' dir='ltr'><strong>a</strong></span> <span class='ocrx_word' id='word_1_115' title='bbox 531 1392 769 1451; x_wconf 82' lang='lat' dir='ltr'><strong>concursantibus</strong></span> <span class='ocrx_word' id='word_1_116' title='bbox 788 1391 864 1451; x_wconf 91' lang='lat' dir='ltr'><strong>humi</strong></span> <span class='ocrx_word' id='word_1_117' title='bbox 880 1401 948 1452; x_wconf 93' lang='lat' dir='ltr'><strong>ante</strong></span> <span class='ocrx_word' id='word_1_118' title='bbox 966 1394 1071 1453; x_wconf 88' lang='lat' dir='ltr'><strong>lectum</strong></span> <span class='ocrx_word' id='word_1_119' title='bbox 1085 1394 1114 1450; x_wconf 90' lang='lat' dir='ltr'><strong>ia·</strong></span> 
     </span>
     <span class='ocr_line' id='line_1_15' title="bbox 132 1474 1113 1556; baseline -0.002 -22"><span class='ocrx_word' id='word_1_120' title='bbox 132 1492 218 1549; x_wconf 87' lang='lat' dir='ltr'><strong>cens,</strong></span> <span class='ocrx_word' id='word_1_121' title='bbox 233 1491 287 1551; x_wconf 92' lang='lat' dir='ltr'><strong>per</strong></span> <span class='ocrx_word' id='word_1_122' title='bbox 298 1476 393 1534; x_wconf 93' lang='lat' dir='ltr'><strong>omnia</strong></span> <span class='ocrx_word' id='word_1_123' title='bbox 407 1475 585 1552; x_wconf 89' lang='lat' dir='ltr'><strong>piaculorum</strong></span> <span class='ocrx_word' id='word_1_124' title='bbox 597 1494 707 1552; x_wconf 89' lang='lat' dir='ltr'><strong>genera</strong></span> <span class='ocrx_word' id='word_1_125' title='bbox 718 1476 819 1536; x_wconf 83' lang='lat' dir='ltr'><strong>blance</strong></span> <span class='ocrx_word' id='word_1_126' title='bbox 831 1476 957 1553; x_wconf 84' lang='lat' dir='ltr'><strong>Galbae,</strong></span> <span class='ocrx_word' id='word_1_127' title='bbox 975 1496 993 1538; x_wconf 93' lang='lat' dir='ltr'><strong>a</strong></span> <span class='ocrx_word' id='word_1_128' title='bbox 1013 1495 1067 1556; x_wconf 93' lang='lat' dir='ltr'><strong>quo</strong></span> <span class='ocrx_word' id='word_1_129' title='bbox 1077 1474 1113 1534; x_wconf 83' lang='lat' dir='ltr'><strong>de</strong></span> 
     </span>
     <span class='ocr_line' id='line_1_16' title="bbox 130 1557 1114 1639; baseline -0.003 -21"><span class='ocrx_word' id='word_1_130' title='bbox 130 1557 239 1618; x_wconf 88' lang='lat' dir='ltr'><strong>turbari</strong></span> <span class='ocrx_word' id='word_1_131' title='bbox 251 1557 420 1636; x_wconf 87' lang='lat' dir='ltr'><strong>expellique</strong></span> <span class='ocrx_word' id='word_1_132' title='bbox 436 1578 469 1618; x_wconf 92' lang='lat' dir='ltr'><strong>se</strong></span> <span class='ocrx_word' id='word_1_133' title='bbox 480 1559 608 1636; x_wconf 91' lang='lat' dir='ltr'><strong>viderat,</strong></span> <span class='ocrx_word' id='word_1_134' title='bbox 627 1561 784 1638; x_wconf 89' lang='lat' dir='ltr'><strong>propitiare</strong></span> <span class='ocrx_word' id='word_1_135' title='bbox 798 1569 973 1638; x_wconf 86' lang='lat' dir='ltr'><strong>temptasse;</strong></span> <span class='ocrx_word' id='word_1_136' title='bbox 992 1558 1114 1639; x_wconf 91' lang='lat' dir='ltr'><strong>postridie</strong></span> 
     </span>
     <span class='ocr_line' id='line_1_17' title="bbox 132 1642 1143 1722; baseline 0 -22"><span class='ocrx_word' id='word_1_137' title='bbox 132 1658 248 1720; x_wconf 92' lang='lat' dir='ltr'><strong>qnoque</strong></span> <span class='ocrx_word' id='word_1_138' title='bbox 260 1643 289 1700; x_wconf 95' lang='lat' dir='ltr'><strong>in</strong></span> <span class='ocrx_word' id='word_1_139' title='bbox 301 1642 468 1718; x_wconf 89' lang='lat' dir='ltr'><strong>augurando</strong></span> <span class='ocrx_word' id='word_1_140' title='bbox 476 1652 648 1722; x_wconf 90' lang='lat' dir='ltr'><strong>tempestate</strong></span> <span class='ocrx_word' id='word_1_141' title='bbox 657 1653 720 1702; x_wconf 91' lang='lat' dir='ltr'><strong>orta</strong></span> <span class='ocrx_word' id='word_1_142' title='bbox 731 1644 860 1719; x_wconf 89' lang='lat' dir='ltr'><strong>graviter</strong></span> <span class='ocrx_word' id='word_1_143' title='bbox 868 1644 1039 1722; x_wconf 90' lang='lat' dir='ltr'><strong>prolapsum</strong></span> <span class='ocrx_word' id='word_1_144' title='bbox 1051 1643 1113 1703; x_wconf 92' lang='lat' dir='ltr'><strong>iden·</strong></span> <span class='ocrx_word' id='word_1_145' title='bbox 1142 1701 1143 1712; x_wconf 55' lang='grc'>,</span> 
     </span>
     <span class='ocr_line' id='line_1_18' title="bbox 131 1725 480 1786; baseline 0.003 -1"><span class='ocrx_word' id='word_1_146' title='bbox 131 1725 219 1785; x_wconf 90' lang='lat' dir='ltr'><strong>tidem</strong></span> <span class='ocrx_word' id='word_1_147' title='bbox 232 1725 480 1786; x_wconf 89' lang='lat' dir='ltr'><strong>obmurmurasse:</strong></span> 
     </span>
    </p>

    <p class='ocr_par' dir='ltr' id='par_1_4' title="bbox 243 1800 791 1889">
     <span class='ocr_line' id='line_1_19' title="bbox 243 1800 791 1889; baseline 0 -19"><span class='ocrx_word' id='word_1_148' title='bbox 243 1809 285 1870; x_wconf 86' lang='grc' dir='ltr'><strong>Τί</strong></span> <span class='ocrx_word' id='word_1_149' title='bbox 296 1800 360 1888; x_wconf 78' lang='grc' dir='ltr'><strong>γάρ</strong></span> <span class='ocrx_word' id='word_1_150' title='bbox 370 1829 427 1887; x_wconf 83' lang='grc' dir='ltr'><strong>μοι</strong></span> <span class='ocrx_word' id='word_1_151' title='bbox 439 1803 496 1870; x_wconf 83' lang='grc' dir='ltr'><strong>καὶ</strong></span> <span class='ocrx_word' id='word_1_152' title='bbox 507 1817 647 1889; x_wconf 80' lang='grc' dir='ltr'><em>μακροῖς</em></span> <span class='ocrx_word' id='word_1_153' title='bbox 658 1801 791 1885; x_wconf 73' lang='grc' dir='ltr'><em>αὐλοϊςς</em></span> 
     </span>
    </p>

    <p class='ocr_par' dir='ltr' id='par_1_5' title="bbox 104 1892 1117 2143">
     <span class='ocr_line' id='line_1_20' title="bbox 104 1892 1117 1972; baseline -0.002 -19"><span class='ocrx_word' id='word_1_154' title='bbox 104 1910 122 1965; x_wconf 73' lang='lat' dir='ltr'><strong>g</strong></span> <span class='ocrx_word' id='word_1_155' title='bbox 193 1893 253 1953; x_wconf 89' lang='lat' dir='ltr'><strong>Sub</strong></span> <span class='ocrx_word' id='word_1_156' title='bbox 270 1893 346 1953; x_wconf 91' lang='lat' dir='ltr'><strong>idem</strong></span> <span class='ocrx_word' id='word_1_157' title='bbox 364 1911 435 1953; x_wconf 91' lang='lat' dir='ltr'><strong>vero</strong></span> <span class='ocrx_word' id='word_1_158' title='bbox 451 1903 565 1972; x_wconf 90' lang='lat' dir='ltr'><strong>tempus</strong></span> <span class='ocrx_word' id='word_1_159' title='bbox 585 1893 795 1954; x_wconf 84' lang='lat' dir='ltr'><strong>Germaniciani</strong></span> <span class='ocrx_word' id='word_1_160' title='bbox 813 1895 960 1954; x_wconf 79' lang='lat' dir='ltr'><strong>exercitus</strong></span> <span class='ocrx_word' id='word_1_161' title='bbox 981 1897 1012 1954; x_wconf 95' lang='lat' dir='ltr'><strong>in</strong></span> <span class='ocrx_word' id='word_1_162' title='bbox 1031 1892 1117 1956; x_wconf 88' lang='lat' dir='ltr'><strong>Vitelli</strong></span> 
     </span>
     <span class='ocr_line' id='line_1_21' title="bbox 134 1976 1116 2056; baseline -0.004 -18"><span class='ocrx_word' id='word_1_163' title='bbox 134 1977 224 2038; x_wconf 89' lang='lat' dir='ltr'><strong>verba</strong></span> <span class='ocrx_word' id='word_1_164' title='bbox 236 1981 371 2038; x_wconf 91' lang='lat' dir='ltr'><strong>iurarant.</strong></span> <span class='ocrx_word' id='word_1_165' title='bbox 410 1976 495 2050; x_wconf 81' lang='lat' dir='ltr'><strong>Quod</strong></span> <span class='ocrx_word' id='word_1_166' title='bbox 507 1987 536 2036; x_wconf 95' lang='lat' dir='ltr'><strong>ut</strong></span> <span class='ocrx_word' id='word_1_167' title='bbox 548 1980 699 2056; x_wconf 90' lang='lat' dir='ltr'><strong>comperit,</strong></span> <span class='ocrx_word' id='word_1_168' title='bbox 712 1987 814 2037; x_wconf 89' lang='lat' dir='ltr'><strong>auctor</strong></span> <span class='ocrx_word' id='word_1_169' title='bbox 825 1980 938 2037; x_wconf 91' lang='lat' dir='ltr'><strong>senatui</strong></span> <span class='ocrx_word' id='word_1_170' title='bbox 949 1979 1004 2038; x_wconf 86' lang='lat' dir='ltr'><strong>luit</strong></span> <span class='ocrx_word' id='word_1_171' title='bbox 1019 1980 1116 2038; x_wconf 91' lang='lat' dir='ltr'><strong>mitten·</strong></span> 
     </span>
     <span class='ocr_line' id='line_1_22' title="bbox 134 2061 1117 2143; baseline -0.004 -21"><span class='ocrx_word' id='word_1_172' title='bbox 134 2062 189 2123; x_wconf 91' lang='lat' dir='ltr'><strong>dae</strong></span> <span class='ocrx_word' id='word_1_173' title='bbox 202 2062 370 2139; x_wconf 81' lang='lat' dir='ltr'><strong>legationis,</strong></span> <span class='ocrx_word' id='word_1_174' title='bbox 385 2079 459 2140; x_wconf 92' lang='lat' dir='ltr'><strong>quae</strong></span> <span class='ocrx_word' id='word_1_175' title='bbox 471 2061 592 2121; x_wconf 88' lang='lat' dir='ltr'><strong>doceret</strong></span> <span class='ocrx_word' id='word_1_176' title='bbox 604 2061 728 2121; x_wconf 90' lang='lat' dir='ltr'><strong>electum</strong></span> <span class='ocrx_word' id='word_1_177' title='bbox 742 2064 798 2121; x_wconf 93' lang='lat' dir='ltr'><strong>iam</strong></span> <span class='ocrx_word' id='word_1_178' title='bbox 810 2063 990 2141; x_wconf 91' lang='lat' dir='ltr'><strong>principem,</strong></span> <span class='ocrx_word' id='word_1_179' title='bbox 1004 2065 1117 2143; x_wconf 92' lang='lat' dir='ltr'><strong>quleten</strong></span> 
     </span>
    </p>

    <p class='ocr_par' dir='ltr' id='par_1_6' title="bbox 76 2143 1131 3144">
     <span class='ocr_line' id='line_1_23' title="bbox 76 2143 1117 2224; baseline -0.003 -18"><span class='ocrx_word' id='word_1_180' title='bbox 76 2143 78 2146; x_wconf 74' lang='grc'><strong>’</strong></span> <span class='ocrx_word' id='word_1_181' title='bbox 134 2156 164 2206; x_wconf 90' lang='lat' dir='ltr'><strong>et</strong></span> <span class='ocrx_word' id='word_1_182' title='bbox 182 2146 368 2206; x_wconf 91' lang='lat' dir='ltr'><strong>concordiam</strong></span> <span class='ocrx_word' id='word_1_183' title='bbox 381 2145 529 2214; x_wconf 82' lang='lat' dir='ltr'><strong>suaderet3</strong></span> <span class='ocrx_word' id='word_1_184' title='bbox 554 2154 688 2204; x_wconf 87' lang='lat' dir='ltr'><strong>ettamen</strong></span> <span class='ocrx_word' id='word_1_185' title='bbox 701 2164 754 2224; x_wconf 90' lang='lat' dir='ltr'><strong>per</strong></span> <span class='ocrx_word' id='word_1_186' title='bbox 769 2147 959 2206; x_wconf 90' lang='lat' dir='ltr'><strong>internuntios</strong></span> <span class='ocrx_word' id='word_1_187' title='bbox 971 2165 1008 2206; x_wconf 92' lang='lat' dir='ltr'><strong>ac</strong></span> <span class='ocrx_word' id='word_1_188' title='bbox 1020 2147 1117 2207; x_wconf 88' lang='lat' dir='ltr'><strong>litteras</strong></span> 
     </span>
     <span class='ocr_line' id='line_1_24' title="bbox 135 2227 1118 2309; baseline -0.005 -19"><span class='ocrx_word' id='word_1_189' title='bbox 135 2239 301 2291; x_wconf 90' lang='lat' dir='ltr'><strong>consortem</strong></span> <span class='ocrx_word' id='word_1_190' title='bbox 313 2231 425 2309; x_wconf 93' lang='lat' dir='ltr'><strong>imperii</strong></span> <span class='ocrx_word' id='word_1_191' title='bbox 433 2247 671 2308; x_wconf 89' lang='lat' dir='ltr'><strong>generumqnesc</strong></span> <span class='ocrx_word' id='word_1_192' title='bbox 677 2229 797 2289; x_wconf 90' lang='lat' dir='ltr'><strong>Vitellio</strong></span> <span class='ocrx_word' id='word_1_193' title='bbox 806 2229 919 2307; x_wconf 91' lang='lat' dir='ltr'><strong>optulit.</strong></span> <span class='ocrx_word' id='word_1_194' title='bbox 936 2231 1049 2291; x_wconf 87' lang='lat' dir='ltr'><strong>Verum</strong></span> <span class='ocrx_word' id='word_1_195' title='bbox 1057 2227 1118 2289; x_wconf 90' lang='lat' dir='ltr'><strong>haud</strong></span> 
     </span>
     <span class='ocr_line' id='line_1_25' title="bbox 133 2312 1118 2392; baseline -0.001 -19"><span class='ocrx_word' id='word_1_196' title='bbox 133 2313 221 2373; x_wconf 94' lang='lat' dir='ltr'><strong>dubio</strong></span> <span class='ocrx_word' id='word_1_197' title='bbox 235 2314 327 2388; x_wconf 89' lang='lat' dir='ltr'><strong>bello,</strong></span> <span class='ocrx_word' id='word_1_198' title='bbox 340 2317 453 2391; x_wconf 92' lang='lat' dir='ltr'><strong>iamque</strong></span> <span class='ocrx_word' id='word_1_199' title='bbox 466 2313 586 2372; x_wconf 90' lang='lat' dir='ltr'><strong>ducibus</strong></span> <span class='ocrx_word' id='word_1_200' title='bbox 598 2322 627 2372; x_wconf 90' lang='lat' dir='ltr'><strong>et</strong></span> <span class='ocrx_word' id='word_1_201' title='bbox 639 2315 732 2392; x_wconf 86' lang='lat' dir='ltr'><strong>copiis</strong></span> <span class='ocrx_word' id='word_1_202' title='bbox 745 2331 816 2392; x_wconf 90' lang='lat' dir='ltr'><strong>quas</strong></span> <span class='ocrx_word' id='word_1_203' title='bbox 822 2312 959 2373; x_wconf 89' lang='lat' dir='ltr'><strong>Vitellius</strong></span> <span class='ocrx_word' id='word_1_204' title='bbox 972 2313 1118 2392; x_wconf 69' lang='lat' dir='ltr'><strong>praemiss</strong></span> 
     </span>
     <span class='ocr_line' id='line_1_26' title="bbox 132 2397 1131 2476; baseline 0.001 -21"><span class='ocrx_word' id='word_1_205' title='bbox 132 2407 177 2455; x_wconf 91' lang='lat' dir='ltr'><strong>rat</strong></span> <span class='ocrx_word' id='word_1_206' title='bbox 189 2397 497 2474; x_wconf 88' lang='lat' dir='ltr'><strong>appropinquantibus,</strong></span> <span class='ocrx_word' id='word_1_207' title='bbox 511 2397 631 2456; x_wconf 89' lang='lat' dir='ltr'><strong>animum</strong></span> <span class='ocrx_word' id='word_1_208' title='bbox 644 2397 786 2475; x_wconf 83' lang='lat' dir='ltr'><strong>fidemque</strong></span> <span class='ocrx_word' id='word_1_209' title='bbox 800 2415 871 2474; x_wconf 87' lang='lat' dir='ltr'><strong>erga</strong></span> <span class='ocrx_word' id='word_1_210' title='bbox 882 2414 915 2456; x_wconf 93' lang='lat' dir='ltr'><strong>se</strong></span> <span class='ocrx_word' id='word_1_211' title='bbox 932 2399 1131 2476; x_wconf 91' lang='lat' dir='ltr'><strong>praetoriano·</strong></span> 
     </span>
     <span class='ocr_line' id='line_1_27' title="bbox 132 2480 1120 2560; baseline 0.002 -22"><span class='ocrx_word' id='word_1_212' title='bbox 132 2497 193 2538; x_wconf 95' lang='lat' dir='ltr'><strong>rum</strong></span> <span class='ocrx_word' id='word_1_213' title='bbox 207 2496 302 2557; x_wconf 90' lang='lat' dir='ltr'><strong>paene</strong></span> <span class='ocrx_word' id='word_1_214' title='bbox 314 2481 512 2540; x_wconf 90' lang='lat' dir='ltr'><strong>internecione</strong></span> <span class='ocrx_word' id='word_1_215' title='bbox 526 2480 694 2558; x_wconf 89' lang='lat' dir='ltr'><strong>amplissimi</strong></span> <span class='ocrx_word' id='word_1_216' title='bbox 707 2481 815 2541; x_wconf 90' lang='lat' dir='ltr'><strong>ordinis</strong></span> <span class='ocrx_word' id='word_1_217' title='bbox 829 2490 969 2560; x_wconf 82' lang='lat' dir='ltr'><strong>expertus</strong></span> <span class='ocrx_word' id='word_1_218' title='bbox 981 2491 1038 2542; x_wconf 90' lang='lat' dir='ltr'><strong>est.</strong></span> <span class='ocrx_word' id='word_1_219' title='bbox 1067 2480 1120 2541; x_wconf 86' lang='lat' dir='ltr'><strong>Pla·</strong></span> 
     </span>
     <span class='ocr_line' id='line_1_28' title="bbox 134 2562 1121 2642; baseline 0.001 -20"><span class='ocrx_word' id='word_1_220' title='bbox 134 2571 234 2622; x_wconf 90' lang='lat' dir='ltr'><strong>ouerat</strong></span> <span class='ocrx_word' id='word_1_221' title='bbox 247 2579 301 2640; x_wconf 92' lang='lat' dir='ltr'><strong>per</strong></span> <span class='ocrx_word' id='word_1_222' title='bbox 318 2562 484 2622; x_wconf 86' lang='lat' dir='ltr'><strong>classiarios</strong></span> <span class='ocrx_word' id='word_1_223' title='bbox 500 2581 579 2622; x_wconf 90' lang='lat' dir='ltr'><strong>arma</strong></span> <span class='ocrx_word' id='word_1_224' title='bbox 596 2565 746 2624; x_wconf 89' lang='lat' dir='ltr'><strong>transferri</strong></span> <span class='ocrx_word' id='word_1_225' title='bbox 761 2566 924 2642; x_wconf 91' lang='lat' dir='ltr'><strong>remittique</strong></span> <span class='ocrx_word' id='word_1_226' title='bbox 938 2565 1077 2634; x_wconf 88' lang='lat' dir='ltr'><strong>navibus;</strong></span> <span class='ocrx_word' id='word_1_227' title='bbox 1095 2580 1121 2624; x_wconf 86' lang='lat' dir='ltr'><strong>ea</strong></span> 
     </span>
     <span class='ocr_line' id='line_1_29' title="bbox 136 2645 1120 2727; baseline -0.001 -21"><span class='ocrx_word' id='word_1_228' title='bbox 136 2665 199 2706; x_wconf 89' lang='lat' dir='ltr'><strong>oum</strong></span> <span class='ocrx_word' id='word_1_229' title='bbox 211 2649 239 2706; x_wconf 94' lang='lat' dir='ltr'><strong>in</strong></span> <span class='ocrx_word' id='word_1_230' title='bbox 256 2647 359 2705; x_wconf 90' lang='lat' dir='ltr'><strong>castris</strong></span> <span class='ocrx_word' id='word_1_231' title='bbox 373 2645 425 2704; x_wconf 92' lang='lat' dir='ltr'><strong>sub</strong></span> <span class='ocrx_word' id='word_1_232' title='bbox 438 2656 554 2705; x_wconf 89' lang='lat' dir='ltr'><strong>noctem</strong></span> <span class='ocrx_word' id='word_1_233' title='bbox 562 2657 771 2725; x_wconf 93' lang='lat' dir='ltr'><strong>promerentur,</strong></span> <span class='ocrx_word' id='word_1_234' title='bbox 783 2648 901 2707; x_wconf 84' lang='lat' dir='ltr'><strong>insidiae</strong></span> <span class='ocrx_word' id='word_1_235' title='bbox 914 2648 1120 2727; x_wconf 90' lang='lat' dir='ltr'><strong>quidamsuspl-</strong></span> 
     </span>
     <span class='ocr_line' id='line_1_30' title="bbox 136 2729 1121 2810; baseline -0.001 -20"><span class='ocrx_word' id='word_1_236' title='bbox 136 2732 191 2790; x_wconf 90' lang='lat' dir='ltr'><strong>oati</strong></span> <span class='ocrx_word' id='word_1_237' title='bbox 202 2729 350 2789; x_wconf 92' lang='lat' dir='ltr'><strong>tumultum</strong></span> <span class='ocrx_word' id='word_1_238' title='bbox 364 2731 578 2800; x_wconf 84' lang='lat' dir='ltr'><strong>excitaverunt;</strong></span> <span class='ocrx_word' id='word_1_239' title='bbox 593 2750 628 2791; x_wconf 93' lang='lat' dir='ltr'><strong>ac</strong></span> <span class='ocrx_word' id='word_1_240' title='bbox 639 2742 762 2810; x_wconf 91' lang='lat' dir='ltr'><strong>repente</strong></span> <span class='ocrx_word' id='word_1_241' title='bbox 769 2731 957 2792; x_wconf 91' lang='lat' dir='ltr'><strong>omnesnullo</strong></span> <span class='ocrx_word' id='word_1_242' title='bbox 965 2742 1051 2793; x_wconf 90' lang='lat' dir='ltr'><strong>certo</strong></span> <span class='ocrx_word' id='word_1_243' title='bbox 1059 2732 1121 2792; x_wconf 89' lang='lat' dir='ltr'><strong>duce</strong></span> 
     </span>
     <span class='ocr_line' id='line_1_31' title="bbox 134 2814 1121 2894; baseline 0 -20"><span class='ocrx_word' id='word_1_244' title='bbox 134 2818 164 2874; x_wconf 96' lang='lat' dir='ltr'><strong>in</strong></span> <span class='ocrx_word' id='word_1_245' title='bbox 177 2814 315 2874; x_wconf 89' lang='lat' dir='ltr'><strong>Palatium</strong></span> <span class='ocrx_word' id='word_1_246' title='bbox 334 2824 522 2873; x_wconf 88' lang='lat' dir='ltr'><strong>cucurrerunt</strong></span> <span class='ocrx_word' id='word_1_247' title='bbox 543 2815 662 2874; x_wconf 90' lang='lat' dir='ltr'><strong>caedem</strong></span> <span class='ocrx_word' id='word_1_248' title='bbox 672 2825 789 2876; x_wconf 88' lang='lat' dir='ltr'><strong>senatus</strong></span> <span class='ocrx_word' id='word_1_249' title='bbox 801 2816 977 2894; x_wconf 85' lang='lat' dir='ltr'><strong>flagitantes,</strong></span> <span class='ocrx_word' id='word_1_250' title='bbox 989 2817 1121 2894; x_wconf 78' lang='lat' dir='ltr'><strong>repulsis</strong></span> 
     </span>
     <span class='ocr_line' id='line_1_32' title="bbox 136 2897 1122 2977; baseline 0.001 -21"><span class='ocrx_word' id='word_1_251' title='bbox 136 2917 191 2977; x_wconf 93' lang='lat' dir='ltr'><strong>que</strong></span> <span class='ocrx_word' id='word_1_252' title='bbox 203 2897 390 2976; x_wconf 80' lang='lat' dir='ltr'><strong>tribunorum,</strong></span> <span class='ocrx_word' id='word_1_253' title='bbox 407 2900 453 2976; x_wconf 95' lang='lat' dir='ltr'><strong>qui</strong></span> <span class='ocrx_word' id='word_1_254' title='bbox 465 2898 595 2958; x_wconf 90' lang='lat' dir='ltr'><strong>inhibere</strong></span> <span class='ocrx_word' id='word_1_255' title='bbox 607 2900 794 2977; x_wconf 87' lang='lat' dir='ltr'><strong>temptabant,</strong></span> <span class='ocrx_word' id='word_1_256' title='bbox 808 2900 952 2960; x_wconf 89' lang='lat' dir='ltr'><strong>nonnullis</strong></span> <span class='ocrx_word' id='word_1_257' title='bbox 966 2909 996 2960; x_wconf 86' lang='lat' dir='ltr'><strong>et</strong></span> <span class='ocrx_word' id='word_1_258' title='bbox 1012 2902 1122 2975; x_wconf 88' lang='lat' dir='ltr'><strong>occisis,</strong></span> 
     </span>
     <span class='ocr_line' id='line_1_33' title="bbox 136 2982 1122 3064; baseline 0.002 -23"><span class='ocrx_word' id='word_1_259' title='bbox 136 2985 178 3041; x_wconf 93' lang='lat' dir='ltr'><strong>sic</strong></span> <span class='ocrx_word' id='word_1_260' title='bbox 189 2991 220 3041; x_wconf 93' lang='lat' dir='ltr'><strong>ut</strong></span> <span class='ocrx_word' id='word_1_261' title='bbox 232 2991 313 3042; x_wconf 91' lang='lat' dir='ltr'><strong>erant</strong></span> <span class='ocrx_word' id='word_1_262' title='bbox 329 2985 450 3059; x_wconf 90' lang='lat' dir='ltr'><strong>cruenti,</strong></span> <span class='ocrx_word' id='word_1_263' title='bbox 462 2982 576 3042; x_wconf 90' lang='lat' dir='ltr'><strong>ubinam</strong></span> <span class='ocrx_word' id='word_1_264' title='bbox 591 2984 748 3061; x_wconf 89' lang='lat' dir='ltr'><strong>imperator</strong></span> <span class='ocrx_word' id='word_1_265' title='bbox 765 2992 845 3043; x_wconf 93' lang='lat' dir='ltr'><strong>esset</strong></span> <span class='ocrx_word' id='word_1_266' title='bbox 860 2987 1055 3063; x_wconf 90' lang='lat' dir='ltr'><strong>requirentes,</strong></span> <span class='ocrx_word' id='word_1_267' title='bbox 1066 3002 1122 3064; x_wconf 93' lang='lat' dir='ltr'><strong>per·</strong></span> 
     </span>
     <span class='ocr_line' id='line_1_34' title="bbox 135 3067 1003 3144; baseline 0.002 -20"><span class='ocrx_word' id='word_1_268' title='bbox 135 3075 274 3144; x_wconf 92' lang='lat' dir='ltr'><strong>ruperunt</strong></span> <span class='ocrx_word' id='word_1_269' title='bbox 285 3068 314 3125; x_wconf 95' lang='lat' dir='ltr'><strong>in</strong></span> <span class='ocrx_word' id='word_1_270' title='bbox 326 3067 480 3126; x_wconf 88' lang='lat' dir='ltr'><strong>triclinium</strong></span> <span class='ocrx_word' id='word_1_271' title='bbox 492 3085 595 3144; x_wconf 88' lang='lat' dir='ltr'><strong>usque,</strong></span> <span class='ocrx_word' id='word_1_272' title='bbox 609 3085 665 3126; x_wconf 89' lang='lat' dir='ltr'><strong>neo</strong></span> <span class='ocrx_word' id='word_1_273' title='bbox 675 3069 731 3128; x_wconf 91' lang='lat' dir='ltr'><strong>nisi</strong></span> <span class='ocrx_word' id='word_1_274' title='bbox 742 3070 807 3128; x_wconf 85' lang='lat' dir='ltr'><strong>viso</strong></span> <span class='ocrx_word' id='word_1_275' title='bbox 820 3067 1003 3128; x_wconf 89' lang='lat' dir='ltr'><strong>destiterunt.</strong></span> 
     </span>
    </p>

    <p class='ocr_par' dir='ltr' id='par_1_7' title="bbox 134 3148 1125 3569">
     <span class='ocr_line' id='line_1_35' title="bbox 200 3148 1123 3232; baseline 0.003 -25"><span class='ocrx_word' id='word_1_276' title='bbox 200 3148 424 3228; x_wconf 83' lang='lat' dir='ltr'><strong>Expeditionem</strong></span> <span class='ocrx_word' id='word_1_277' title='bbox 436 3161 531 3210; x_wconf 91' lang='lat' dir='ltr'><strong>autem</strong></span> <span class='ocrx_word' id='word_1_278' title='bbox 541 3153 657 3229; x_wconf 82' lang='lat' dir='ltr'><strong>inpigre</strong></span> <span class='ocrx_word' id='word_1_279' title='bbox 669 3161 755 3231; x_wconf 91' lang='lat' dir='ltr'><strong>atque</strong></span> <span class='ocrx_word' id='word_1_280' title='bbox 768 3154 853 3212; x_wconf 90' lang='lat' dir='ltr'><strong>etiam</strong></span> <span class='ocrx_word' id='word_1_281' title='bbox 870 3169 1073 3232; x_wconf 87' lang='lat' dir='ltr'><strong>praepropere</strong></span> <span class='ocrx_word' id='word_1_282' title='bbox 1090 3153 1123 3211; x_wconf 93' lang='lat' dir='ltr'><strong>in·</strong></span> 
     </span>
     <span class='ocr_line' id='line_1_36' title="bbox 137 3232 1124 3314; baseline 0.004 -23"><span class='ocrx_word' id='word_1_283' title='bbox 137 3232 262 3310; x_wconf 84' lang='lat' dir='ltr'><strong>choavit‚</strong></span> <span class='ocrx_word' id='word_1_284' title='bbox 275 3234 399 3295; x_wconf 89' lang='lat' dir='ltr'><strong>nullane</strong></span> <span class='ocrx_word' id='word_1_285' title='bbox 412 3236 585 3312; x_wconf 86' lang='lat' dir='ltr'><strong>religionum</strong></span> <span class='ocrx_word' id='word_1_286' title='bbox 597 3235 712 3314; x_wconf 93' lang='lat' dir='ltr'><strong>quidem</strong></span> <span class='ocrx_word' id='word_1_287' title='bbox 724 3253 802 3312; x_wconf 89' lang='lat' dir='ltr'><strong>cura,</strong></span> <span class='ocrx_word' id='word_1_288' title='bbox 815 3234 868 3295; x_wconf 91' lang='lat' dir='ltr'><strong>scd</strong></span> <span class='ocrx_word' id='word_1_289' title='bbox 880 3236 1124 3297; x_wconf 88' lang='lat' dir='ltr'><strong>etmotisneodnn</strong></span> 
     </span>
     <span class='ocr_line' id='line_1_37' title="bbox 136 3315 1125 3398; baseline 0.005 -25"><span class='ocrx_word' id='word_1_290' title='bbox 136 3315 259 3374; x_wconf 93' lang='lat' dir='ltr'><strong>conditis</strong></span> <span class='ocrx_word' id='word_1_291' title='bbox 274 3320 427 3396; x_wconf 91' lang='lat' dir='ltr'><strong>ancilibus,</strong></span> <span class='ocrx_word' id='word_1_292' title='bbox 441 3319 535 3398; x_wconf 91' lang='lat' dir='ltr'><strong>(quod</strong></span> <span class='ocrx_word' id='word_1_293' title='bbox 548 3321 702 3397; x_wconf 93' lang='lat' dir='ltr'><strong>antiquitus</strong></span> <span class='ocrx_word' id='word_1_294' title='bbox 716 3321 869 3379; x_wconf 83' lang='lat' dir='ltr'><strong>infaustum</strong></span> <span class='ocrx_word' id='word_1_295' title='bbox 880 3319 1018 3398; x_wconf 91' lang='lat' dir='ltr'><strong>habetur)</strong></span> <span class='ocrx_word' id='word_1_296' title='bbox 1033 3330 1063 3381; x_wconf 93' lang='lat' dir='ltr'><strong>et</strong></span> <span class='ocrx_word' id='word_1_297' title='bbox 1075 3320 1125 3394; x_wconf 89' lang='lat' dir='ltr'><strong>dle,</strong></span> 
     </span>
     <span class='ocr_line' id='line_1_38' title="bbox 136 3399 1125 3484; baseline 0.008 -30"><span class='ocrx_word' id='word_1_298' title='bbox 136 3415 193 3474; x_wconf 92' lang='lat' dir='ltr'><strong>qno</strong></span> <span class='ocrx_word' id='word_1_299' title='bbox 202 3399 330 3459; x_wconf 92' lang='lat' dir='ltr'><strong>cultores</strong></span> <span class='ocrx_word' id='word_1_300' title='bbox 339 3403 422 3463; x_wconf 92' lang='lat' dir='ltr'><strong>deum</strong></span> <span class='ocrx_word' id='word_1_301' title='bbox 429 3403 528 3462; x_wconf 88' lang='lat' dir='ltr'><strong>lllatris</strong></span> <span class='ocrx_word' id='word_1_302' title='bbox 535 3404 719 3463; x_wconf 87' lang='lat' dir='ltr'><strong>lamentariet</strong></span> <span class='ocrx_word' id='word_1_303' title='bbox 728 3403 869 3481; x_wconf 91' lang='lat' dir='ltr'><strong>plangere</strong></span> <span class='ocrx_word' id='word_1_304' title='bbox 877 3405 1034 3484; x_wconf 89' lang='lat' dir='ltr'><strong>incipiunt;</strong></span> <span class='ocrx_word' id='word_1_305' title='bbox 1049 3420 1125 3484; x_wconf 90' lang='lat' dir='ltr'><strong>prae·</strong></span> 
     </span>
     <span class='ocr_line' id='line_1_39' title="bbox 134 3480 1121 3569; baseline 0.011 -32"><span class='ocrx_word' id='word_1_306' title='bbox 134 3488 214 3538; x_wconf 90' lang='lat' dir='ltr'><strong>terea</strong></span> <span class='ocrx_word' id='word_1_307' title='bbox 226 3480 438 3545; x_wconf 80' lang='lat' dir='ltr'><strong>aduersissimis</strong></span> <span class='ocrx_word' id='word_1_308' title='bbox 450 3488 597 3546; x_wconf 71' lang='lat' dir='ltr'><strong>ausntntts.</strong></span> <span class='ocrx_word' id='word_1_309' title='bbox 619 3485 692 3545; x_wconf 90' lang='lat' dir='ltr'><strong>Nam</strong></span> <span class='ocrx_word' id='word_1_310' title='bbox 704 3494 734 3545; x_wconf 89' lang='lat' dir='ltr'><strong>et</strong></span> <span class='ocrx_word' id='word_1_311' title='bbox 742 3487 858 3546; x_wconf 89' lang='lat' dir='ltr'><strong>victima</strong></span> <span class='ocrx_word' id='word_1_312' title='bbox 870 3486 929 3547; x_wconf 89' lang='lat' dir='ltr'><strong>Diti</strong></span> <span class='ocrx_word' id='word_1_313' title='bbox 948 3489 1025 3569; x_wconf 89' lang='lat' dir='ltr'><strong>patri</strong></span> <span class='ocrx_word' id='word_1_314' title='bbox 1045 3504 1121 3550; x_wconf 75' lang='lat' dir='ltr'><strong>caesa</strong></span> 
     </span>
    </p>
   </div>
   <div class='ocr_carea' id='block_1_3' title="bbox 0 0 1155 3944">
    <p class='ocr_par' dir='ltr' id='par_1_8' title="bbox 0 0 1155 3944">
     <span class='ocr_line' id='line_1_40' title="bbox 0 0 1155 3944; baseline 0 0"><span class='ocrx_word' id='word_1_315' title='bbox 0 0 1155 3944; x_wconf 95' lang='lat' dir='ltr'><strong> </strong></span> 
     </span>
    </p>
   </div>
  </div>
 </body>
</html>
