2286 3944
38 210 100 272 292
301 214 332 263 c.
357 210 522 262 sunroau
547 208 766 268 unumunurm

38 376 153 436 multum
169 389 201 430 sc
221 370 332 429 miranti
350 369 424 446 legit
438 383 468 426 a.
478 370 653 425 stauai...
666 363 784 424 Publius
794 363 953 428 Terentius
971 367 1014 428 illu

39 457 214 532 Carthagine
235 462 334 529 uatus,
359 451 460 512 serviit
481 449 595 510 Romae
618 445 756 509 Terentio
772 447 894 510 Lucano
913 462 1014 511 senato

39 564 55 603 a
70 558 127 620 quo
144 538 181 599 ob
197 539 343 614 Ingenium
360 544 389 595 et
405 535 529 594 formam
548 548 606 592 non
627 533 773 592 institutus
787 533 877 594 modo
892 535 1014 595 liberali!

39 625 92 686 sed
107 633 136 683 et
150 631 260 682 mature
274 621 463 680 manumissus
478 625 534 676 cst.
580 615 701 689 Quidam
718 625 834 696 captum
857 637 928 679 esse
952 623 1012 680 exis

39 718 133 783 mant,
150 705 226 783 quod
242 704 304 764 lieri
326 703 405 763 nullo
420 699 507 761 modo
523 699 657 776 potuisse
671 699 842 762 Fenestella
859 703 966 778 docet,
990 723 1014 762 cr

40 795 115 852 inter
133 791 217 849 linem
235 787 353 848 secundi
368 786 466 847 Punici
481 782 555 843 belli
575 793 605 842 et
628 784 736 843 initium
760 786 839 844 tertii
862 797 948 846 natus
970 790 1004 847 sit

41 885 184 939 mortuus;
203 890 259 931 nec
282 873 306 931 si
322 889 337 931 a
355 869 483 929 Numidis
499 876 529 926 et
548 865 678 927 Gaetulis
694 877 795 946 captus
813 870 867 946 sit,
892 872 929 930 ad
948 872 1014 931 dirce

41 960 199 1018 Romanum
212 956 367 1034 pervenire
384 952 531 1032 potuisse,
549 950 630 1010 nullu
649 953 826 1012 commercio
843 954 920 1013 inter
932 955 1011 1014 ltalic

42 1053 72 1102 et
84 1041 171 1100 diros
184 1040 238 1098 nisi
253 1047 320 1115 post
332 1038 457 1097 deletam
473 1033 677 1111 Carthaginem
689 1044 807 1114 coepto.
831 1036 887 1097 llic
904 1057 968 1098 eum
979 1059 1014 1097 mu

42 1128 79 1185 tis
91 1122 235 1183 nobilibus
250 1121 427 1181 familiariter
438 1119 526 1195 vixit,
542 1118 596 1178 sed
608 1119 730 1178 maxime
743 1137 808 1178 cnm
819 1121 960 1200 Scipione
973 1123 1014 1182 Afr

44 1226 117 1268 cano
136 1216 165 1265 et
184 1203 217 1264 0.
232 1204 341 1264 laelio.
388 1202 499 1277 Quibus
515 1204 600 1262 etiam
619 1204 752 1280 corporis
767 1206 861 1281 gratia
878 1207 1012 1266 conciliat

43 1291 236 1363 existimatur,
268 1287 346 1366 quod
371 1296 400 1346 et
420 1288 514 1366 ipsum
536 1285 706 1346 Fenestella
728 1289 840 1365 arguit,
868 1291 1012 1350 contende

42 1384 165 1450 utroque
190 1371 327 1430 maiorem
349 1379 415 1430 natu
441 1370 549 1446 luisse,
578 1371 707 1449 quamvis
731 1379 760 1430 et
783 1369 886 1451 Nepos
911 1375 1012 1453 aequal

43 1473 142 1514 omnes
164 1454 254 1513 inisse
276 1453 370 1512 tradat
385 1463 414 1512 et
429 1452 550 1513 Parcius
565 1454 762 1533 suspicionem
780 1454 818 1514 de
839 1459 1014 1518 consuetudi

42 1556 95 1618 per
110 1539 183 1597 haec
199 1536 300 1595 iaciat:
838 1563 840 1568 ·

101 1627 174 1682 Dum
187 1625 328 1680 lasciuiam
343 1626 471 1681 nobilium
485 1633 510 1682 et
526 1626 623 1682 laudes
633 1626 751 1698 [mosas
761 1630 841 1700 petit,

100 1710 174 1766 Dum
190 1708 321 1780 Africani
332 1723 422 1765 uocem
437 1711 556 1766 diuinam
569 1709 657 1766 initiat
670 1712 756 1767 auidis
773 1711 900 1780 auribus,

103 1794 175 1850 Dum
190 1793 228 1847 ad
242 1791 352 1847 Philum
364 1807 395 1849 se
409 1797 532 1849 canitura
545 1799 571 1849 et
583 1793 706 1850 laeliwu
717 1796 867 1867 pulchrum
878 1805 970 1871 putul,

104 1877 376 1933 Dumseumariab
393 1877 538 1932 discredit
651 1870 668 1908 ³¹⁶
822 1873 840 1910 '¹'
913 1909 921 1938 .·

145 1953 162 1990 *
205 1960 302 2016 crebro
316 1962 344 2015 in
359 1960 493 2016 Albanum
509 1963 622 2033 rapitur
636 1961 668 2017 ob
678 1963 777 2034 liorem
791 1968 892 2021 αθίατίε
906 1982 982 2023 suae.

105 2045 173 2099 Post
185 2045 297 2100 sublatis
310 2044 393 2100 rebus
407 2045 446 2099 ud
457 2061 592 2101 summam
607 2048 726 2117 inopium
740 2049 872 2104 redactus
889 2057 939 2106 est.

101 2127 200 2199 Itaque
211 2143 226 2184 c
236 2133 381 2199 conspeetu
392 2131 511 2185 omnium
527 2129 583 2185 adit
594 2130 740 2186 Graeciam
751 2133 780 2186 iu
791 2137 899 2188 terram
917 2137 1014 2192 ultima

103 2211 243 2267 Mortuost
257 2211 429 2283 Stymphala,
444 2213 583 2268 moadiae
597 2216 625 2268 iu
640 2216 748 2286 oppido.
779 2215 828 2271 Nil
840 2217 958 2276 Publius

104 2294 196 2365 Scipio
205 2295 330 2366 profuit,
345 2297 386 2350 aii
398 2297 438 2351 illi
450 2296 575 2363 Laelius,
591 2299 631 2352 nil
645 2298 757 2369 Furius,

106 2377 131 2432 Τ
129 2391 175 2432 res
185 2379 286 2448 perid
298 2383 403 2450 tempus
416 2382 464 2451 qui
477 2380 616 2452 opitudaut
630 2382 732 2438 nobiles
743 2383 886 2455 facillime.

100 2460 206 2514 Earum
222 2462 267 2515 ilie
280 2476 367 2532 opera
381 2477 416 2518 ue
432 2464 539 2520 domum
553 2465 660 2537 quidem
674 2466 768 2522 habuit
780 2470 988 2541 conducticiam,

101 2541 202 2597 Saltem
217 2548 247 2599 ut
259 2551 330 2599 essct
342 2562 395 2616 qua
408 2546 532 2618 referret
547 2548 643 2604 aditum
658 2550 761 2607 domiui
772 2553 911 2609 seruulus.

121 2621 244 2700 Scripsit
270 2625 438 2684 comoedias
465 2645 537 2700 sex,
568 2646 605 2686 ex
631 2629 733 2707 quibus
761 2632 881 2709 primam
907 2633 1014 2695 Andria

39 2722 102 2763 cum
118 2704 258 2765 aedilibus
276 2706 373 2782 daret,
391 2709 487 2769 iussus
502 2721 568 2770 ante
581 2709 712 2773 Caecilio
728 2716 870 2791 recitare,
888 2718 926 2778 ad
939 2737 1014 2779 cena}

38 2796 95 2847 tem
118 2807 181 2847 cum
203 2790 349 2867 venisset,
372 2792 465 2852 dictus
491 2805 536 2854 est
555 2796 663 2856 initium
679 2798 795 2876 quidem
809 2798 942 2880 fabulae,
966 2820 1014 2883 qut

37 2882 100 2932 crat
123 2875 335 2952 contemptiure
354 2878 478 2954 vestitu,
503 2878 643 2940 subsellio
661 2881 740 2942 iuxta
754 2882 892 2944 lectulum
910 2888 1014 2948 residet

36 2954 165 3033 legisse,
190 2967 257 3035 post
284 2977 394 3038 paucos
417 2979 490 3021 vero
515 2981 619 3023 versus
640 2965 775 3026 invitatus
800 2976 830 3026 ut
853 2971 1014 3032 accirmber

36 3055 159 3099 cenasse
172 3060 243 3121 una,
260 3043 326 3103 dein
343 3053 443 3105 cetera
459 3049 681 3124 percucurrisse
697 3067 755 3110 non
770 3052 833 3110 sine
849 3071 955 3132 magna
968 3055 1014 3117 Ca<

36 3120 93 3180 cilii
114 3123 311 3186 admiratione.
346 3126 383 3188 Et
409 3128 483 3190 hanc
511 3140 605 3191 autem
631 3142 661 3192 et
687 3134 813 3213 quinque
839 3138 971 3219 reliquas
994 3159 1014 3200 aa

34 3204 160 3280 qualiter
180 3211 290 3287 populo
314 3211 465 3290 probavit,
488 3217 619 3294 quamvis
639 3216 789 3278 Vulcatius
810 3219 1014 3285 dinumeratior

34 3289 158 3349 omnium
173 3291 212 3352 ita
230 3293 355 3354 scribat:

185 3379 297 3436 Sumetu
336 3383 440 3439 Vaut-r
466 3391 536 3427 Μ
555 3403 590 3428 rr
602 3389 646 3445 itis
660 3390 769 3462 fabula.

32 3445 187 3511 lluuuchur
211 3463 315 3516 urrist-u
356 3465 384 3508 *ἢ
422 3483 450 3512 a·
604 3471 1014 3557 ‹morntruuepretiumquu
