2286 3944
56 206 118 267 276
335 207 553 258 (τεοττοτιι
576 205 792 264 qumm

57 359 100 431 ἂν
119 352 181 464 066
196 389 218 446 η
207 356 451 442 ’πλάστιγξ
411 382 451 444 τῃ
466 380 576 456 φορμ
542 355 752 438 κατέρρευε
766 354 830 418 τοῦ
847 361 946 419 οἴνου

56 449 113 515 666
129 442 189 512 τὸν
203 445 314 543 66666
329 447 374 518 είς
390 426 576 525 κείγαλὴν”
554 455 655 540 ηχγσε
669 450 887 544 κεκρουκυῖα,

58 526 76 598 6
91 524 265 635 κωμαστὴς
277 536 576 631 σμγκωμασταῑς
545 519 714 588 ἐδόκει
667 545 735 586 των
728 526 934 626 γενναίων

58 609 135 682 εἶδ’
152 609 210 716 ού,
226 604 335 677 πολύν
351 598 576 714 ἕλιίμβανεν’
552 629 596 681 ως
610 599 758 688 ἀσθενὴς
773 599 834 670 τὸν
851 604 970 688 γε’λων.

55 694 109 766 Ἐκ
121 665 252 764 τούτων
268 689 364 779 6666
379 691 536 793 σύμπασα
549 688 605 756 καὶ
618 693 767 771 πᾶσαφλ
768 693 872 772 υαρία

59 782 189 867 λέγεται
203 770 474 880 προπηλακισμδς
488 770 555 859 666
571 771 627 839 666
641 776 816 855 παροινία,

60 809 186 950 λατάγη
202 862 239 930 66
254 862 310 929 666
330 858 490 945 κότταβος
511 856 568 924 καλ
588 857 803 957 ἑωλοκρασία
848 860 990 921 ,Ioannes

326 949 449 1011 6666
462 947 662 1008 historiarum
671 944 836 1005 οονίαιυιυ
851 953 880 1017 6,
894 949 1027 1003 874-89

116 1018 254 1090 066
218 1048 259 1088 66
273 1023 365 1128 περὶ
383 1017 811 1123 Ἑλληνικῆςπαιδιᾶς
825 1016 974 1128 γράψας,
991 1023 1029 1085 δι(

58 1132 171 1211 φρραν
191 1105 246 1172 666
261 1130 361 1182 αυτος
383 1131 398 1170 ε
400 1101 478 1182 ίδώς
493 1102 609 1206 κύβων
629 1102 684 1168 καὶ
698 1104 832 1167 πεσσῶν
845 1102 902 1167 καὶ
924 1108 1029 1168 παλαι(

57 1183 761 1373 6632666666660‘5666666
774 1182 1029 1358 6666:

59 1383 131 1439 τος,
147 1353 200 1421 τό·
225 1355 351 1431 ἐκεῖνος
365 1356 487 1458 ἐφευρε
551 1323 560 1355 ’

210 1433 354 1515 πεσσούς
369 1436 496 1542 κύβους
509 1464 545 1504 τε
553 1431 723 1540 ‚6666666
736 1430 853 1522 ἀργίας
867 1431 963 1513 ἕλκος·

58 1521 113 1589 καὶ
126 1515 400 1626 Εὐφορίωνος
362 1547 416 1588 το
439 1518 545 1589 πεσσίι
553 1490 792 1588 ’666666666
837 1521 939 1604 Λέγει
962 1518 996 1586 δὲ
1010 1544 1029 1584 κ

58 1607 95 1672 ἐν
120 1603 183 1689 μὲν
204 1597 288 1670 Ἰλίω
317 1609 517 1672 δείκνυσθαι
541 1610 642 1671 λίθον
650 1598 736 1689 ,’ἐφ
759 1591 800 1669 06
829 1604 1012 1671 ἐπέσσευον

54 1683 242 1790 Ἀχαιοί,ν
205 1689 242 1754 ἐν
257 1669 316 1754 66''
308 1685 459 1792 Αργει
426 1715 486 1756 τον
497 1656 918 1790 66666666611666666066
932 1684 1028 1754 πεσσό

59 1766 154 1839 κιδ”
136 1795 187 1839 οτι
210 1769 356 1839 Πλάτων
376 1768 438 1858 666
463 1775 530 1839 των
549 1774 683 1840 πεσσῶν
710 1767 843 1874 εὕρεσιν
870 1776 1029 1880 Αίγυπτίο

60 1851 272 1958 ἀνατίθησιν
276 1857 313 1921 ἐν
329 1860 482 1968 Φαίδρῳ,
499 1857 606 1942 λέγων
627 1850 750 1933 αύτούς
770 1857 905 1961 πρῶτον
920 1855 1029 1965 οίριθμ(

60 1940 116 2007 καὶ
136 1934 298 2025 λογισμὸν
324 1935 436 2026 εὑρεῖν
443 1923 511 2006 666
526 1943 731 2026 γεωμετρίαν
750 1935 846 2006 666’
827 1945 1028 2049 6666060666

61 2029 109 2090 ἔτι
132 2022 168 2125 δὲ
189 2029 343 2090 πεττείαν
361 2049 397 2090 τε
416 2023 472 2090 666
492 2030 650 2128 κυβείαν,
673 2025 728 2090 καὶ
745 2018 785 2108 66
809 2023 865 2090 666
880 2021 1029 2135 6666666

61 2103 158 2173 666“
139 2132 190 2174 οτι
212 2109 248 2173 οί
264 2111 325 2174 τού
344 2105 528 2184 Πλάτωνος
542 2075 847 2258 6606666666666
852 2106 895 2174 οδ
909 2103 973 2193 τὴν
988 2132 1029 2173 πα

52 2185 197 2292 Ἕλλησι
204 2196 357 2257 πεττείαν
372 2195 588 2277 σημανθῆναί
589 2210 678 2341 6666
691 2185 758 2258 660
747 2187 968 2296 Πλάτωνος,
985 2187 1029 2294 66

60 2269 121 2358 666
135 2298 196 2339 του
183 2275 246 2340 λ
269 2277 392 2360 ομένον
407 2280 604 2375 πεττευτηρί
603 2300 655 2359 ου,
671 2273 950 2381 καταγράφεβθριι
962 2273 1023 2378 666

61 2361 222 2423 πλινθίον
253 2375 347 2462 σπερ
363 2360 454 2425 ἐν
414 2383 454 2443 τη
470 2383 641 2427 πεττευτικ
642 2363 809 2449 ῇπαιδιᾷ,
830 2353 872 2427 δι’
891 2349 933 2426 06
957 2355 1029 2426 τδικ

60 2437 190 2541 νήματα
205 2464 266 2506 του
253 2436 379 2545 ἡλίου
395 2425 503 2509 666
463 2468 520 2530 της
536 2387 692 2548 6666666,
715 2426 814 2512 ἔτιδὲ
832 2437 940 2546 666
902 2467 944 2551 66
962 2444 1029 2510 ε’λλε

60 2517 160 2588 πτικδ
180 2522 473 2674 πραγματεύονται
493 2529 528 2593 οί
542 2525 731 2632 Αίγύπτιοι.
767 2522 866 2594 καλ“
847 2552 900 2594 οτι
914 2528 1029 2628 ε’χρῶν

61 2607 181 2672 οίπλα
162 2606 250 2673 αλιολ
271 2608 359 2694 τρισὶ
379 2606 513 2695 κύβοις,
538 2611 593 2677 καὶ
614 2605 675 2696 ούχ
696 2606 806 2719 οἵσπερ
827 2611 862 2678 οί
883 2613 951 2677 νύν
974 2615 1029 2678 δυσ

60 2684 143 2756 ὅθεν
157 2687 212 2793 666
221 2713 322 2794 66666
347 2698 381 2759 ία
396 2693 506 2798 66
460 2719 527 2761 666
537 2692 642 2800 μηδὲν
656 2689 711 2762 διὰ
722 2696 828 2800 με’σρυ
843 2693 1029 2764 κινδυνευό

59 2797 127 2839 των
148 2769 202 2839 τό
236 2718 386 2882 6666}
368 2771 442 2857 6²¹
421 2804 443 2863 6
455 2792 551 2883 τρεῖς
570 2773 753 2888 κύβους,’
735 2774 800 2847 666
821 2782 884 2847 τού
894 2785 1029 2888 μεγίβτ(

59 2855 114 2922 καὶ
131 2856 305 2962 ἐλαχίστου
319 2855 479 2966 ἆρνθμού,
496 2851 535 2970 ἧς
548 2864 710 2948 μέμνηται
724 2861 902 2931 Πλάτων’
885 2889 923 2931 εν
936 2863 1029 2950 Νόμο

60 2934 223 3006 είπιίν·”
201 2966 222 3048 6
237 2958 332 3048 τρεῖς
339 2941 465 3030 κύβους
478 2945 676 3031 βάλλοντες,
691 2948 843 3015 τουτέστι
855 2962 944 3051 τρεῖς
961 2974 1029 3054 μου(

60 3024 129 3099 δας.
167 3022 275 3128 κύβον
289 3027 352 3133 666
367 3047 450 3114 φασι
465 3033 561 3115 διχῶς
575 3035 734 3134 ἔλεγον,
737 3027 820 3099 αύτό
842 3058 878 3099 τε
898 3027 936 3099 τὸ
960 3028 1029 3107 ἄνα(

59 3104 313 3216 ριπτούμεγρν,
322 3109 405 3216 ὅθεγ
421 3119 582 3199 παροιμία
599 3109 737 3218 τραγικὴ
750 3113 804 3183 τό·

209 3186 262 3259 ἀεὶ
274 3191 337 3301 666
355 3221 394 3263 ευ
380 3184 507 3263 ὀπίπτ
489 3216 589 3300 ουτος
602 3201 637 3265 οί
647 3194 729 3278 Διὸς
743 3197 858 3304 κύβοι·

57 3268 113 3370 666
136 3267 323 3376 τὴνέννύ
315 3282 409 3344 66¹¹
414 3277 507 3332 ν’δι
576 3276 654 3349 ἷθεν
676 3279 837 3419 λυθείιγ”
815 3309 858 3349 αν
866 3304 995 3369 Ηφησι
1011 3309 1029 3348 κ

221 3384 257 3408 ”²
294 3407 308 3416 ,A
358 3407 370 3412 ·=
610 3374 681 3420 ‘⁰¹‘
682 3392 781 3424 ”66⁶
784 3336 1029 3454 ον’ςκωμςοδο(
