2286 3944
108 210 171 271 270
355 217 385 266 o.
402 215 596 265 annuemus
613 215 860 276 mammons

79 387 98 440 ι
170 374 201 434 1..
218 373 327 432 Plotius
341 372 449 432 Gallus.
478 372 523 431 De
540 370 599 431 hoc
613 370 720 431 cicero
733 373 763 430 in
777 370 905 450 epistola
921 371 957 431 ad
972 371 1011 431 Μ.
1027 371 1101 431 Titin-

105 461 182 520 ninrn
199 460 243 516 sia
256 457 361 515 refert:
377 454 529 535 Equidem
539 459 687 515 meritoria
701 460 803 529 teneo,
816 456 929 532 pueris
941 455 1034 516 uobis
1045 456 1100 533 pri·

105 559 187 604 mm
200 538 312 600 Latine
330 539 442 601 docere
460 540 600 618 coepisse
614 538 744 599 Plotium
759 538 923 617 quendam.
960 537 1015 599 Aa
1028 548 1104 619 queat

108 644 176 688 cum
192 625 281 702 fieret
299 641 485 700 coumrssts,
512 623 596 702 quod
615 622 861 683 studiosissimus
880 623 1012 703 quisque
1030 622 1103 701 apud

108 728 176 770 cum
192 714 407 783 exerceretur,
423 707 564 768 dolebam
577 707 652 766 mibi
664 706 744 766 idem
757 726 820 768 ocu
833 708 937 768 licere.
969 705 1117 769 Contine-s

109 793 170 855 bar
188 799 290 852 autem
305 790 552 852 doctissimorum
571 791 724 851 bominum
746 792 949 866 auctoritate,
975 792 1030 870 qui
1048 792 1101 851 cci·

108 875 278 939 rtirnabamt
287 874 419 935 Graecis
433 873 707 936 exercitationibus
718 876 764 935 ali
772 875 881 935 melius
896 876 1024 954 iuqeuia
1039 892 1102 953 pos-

109 979 153 1022 se.
189 959 272 1020 Hunc
293 958 415 1018 eundem
437 962 517 1038 (nam
537 959 695 1018 diutissime
710 959 798 1036 vixit)
814 958 853 1017 Μ.
871 957 993 1018 Coelius
1008 961 1037 1018 in
1050 976 1102 1017 ora·

110 1048 206 1119 tione,
230 1061 314 1121 quam
336 1060 390 1120 pro
412 1061 443 1103 se
468 1043 505 1102 de
526 1045 555 1101 vi
577 1042 689 1119 habuit,
716 1043 861 1119 significat
882 1042 1012 1102 dictasse
1030 1046 1102 1102 Atra·

110 1131 189 1202 tino,
207 1129 370 1185 accusatori
387 1144 454 1201 suo,
470 1129 628 1194 actionem
650 1125 857 1204 subtractoque
868 1129 1001 1202 nomine,
1023 1125 1127 1186 orde-u

111 1213 213 1272 arium
227 1228 291 1268 enm
311 1208 463 1270 rhetorem
480 1210 626 1288 appellat,
650 1209 784 1269 deridens
808 1219 839 1269 ut
858 1207 999 1287 inflatum
1017 1227 1055 1270 ac
1069 1208 1093 1269 lc

110 1313 177 1355 cem
191 1299 221 1353 ct
232 1291 402 1352 sordidum.

79 1393 97 1447 3
173 1377 205 1437 L.
221 1376 394 1437 Voltacilius
414 1375 524 1435 Pilutus
545 1379 675 1437 servisse
690 1377 793 1437 dicitnr
813 1385 901 1456 atque
922 1380 1010 1438 etiam
1028 1379 1102 1438 ostia·

110 1463 169 1521 rius
184 1469 285 1519 vetere
299 1475 380 1518 more
394 1462 423 1518 in
438 1469 541 1519 catena
555 1460 662 1537 fuisse,
684 1461 777 1521 donec
792 1459 830 1520 ob
846 1462 993 1537 ingenium
1008 1479 1043 1522 ac
1057 1470 1103 1520 stu·

111 1544 185 1604 dium
204 1542 365 1602 litterarum
384 1545 590 1620 manumissus,
614 1547 761 1605 accusanti
781 1553 903 1624 patrono
928 1545 1101 1623 subscripsit.
1111 1561 1127 1603 o

109 1626 221 1687 Deinde
235 1625 411 1687 rhetoricam
422 1628 590 1706 professus,
607 1627 666 1688 GN.
679 1629 846 1708 Pompeium
856 1628 993 1706 Magnum
1006 1628 1103 1702 docuit,

111 1713 259 1790 patrisque
275 1712 338 1769 eius
355 1730 404 1770 res
419 1721 536 1788 gestas,
560 1730 615 1771 nec
631 1714 723 1771 minus
737 1714 844 1790 ipsius,
870 1713 1066 1791 compluribus
1079 1711 1103 1771 li-

112 1795 172 1853 bris
193 1797 345 1872 exposuit;
366 1795 486 1871 primus
507 1797 639 1855 omnium
659 1795 883 1872 libertinorum,
909 1806 940 1856 ut
962 1795 1105 1857 Cornelius

112 1878 215 1957 Nepos
236 1879 384 1956 opinatur,
407 1878 545 1939 scribere
560 1879 721 1940 historiam
736 1897 842 1955 orsus,
869 1881 995 1941 commisi
1008 1880 1049 1941 ab
1063 1880 1104 1940 bo-

112 1962 286 2023 nestissimo
301 1980 420 2042 quoquc
432 1962 530 2024 scribi
543 1964 666 2024 solitam
679 1963 723 2023 ad
736 1963 770 2023 id
784 1969 911 2041 ternpus.

85 2051 102 2100 4
176 2046 214 2106 Μ.
231 2045 367 2124 Epidius,
384 2047 524 2108 calumnia
539 2057 670 2125 notatus,
692 2045 790 2108 ludum
805 2047 919 2107 dicendi
935 2051 1051 2128 apernit
1065 2048 1106 2108 do-

114 2133 230 2208 cuitque
242 2133 317 2190 inter
329 2140 444 2191 ceteros
454 2131 492 2191 Μ.
508 2131 662 2190 Antonium
674 2140 702 2190 et
713 2131 887 2209 Augustum
908 2132 1013 2210 quibus
1026 2150 1106 2212 quon·

113 2215 177 2272 dam
202 2211 234 2272 C.
256 2213 426 2290 Cannutius,
450 2214 652 2274 obiicientibus
674 2215 729 2275 sibi
753 2215 831 2294 qnod
850 2218 880 2274 in
899 2235 932 2276 re
948 2235 977 2296 p.
999 2216 1108 2278 admini-

113 2297 228 2356 stranda
256 2299 433 2376 potissimum
456 2298 616 2358 consularis
642 2299 762 2359 Isaurici
790 2308 899 2359 sectam
929 2310 1107 2378 sequeretur,

111 2380 204 2440 malle
225 2382 376 2458 respondit
396 2379 533 2442 Isaurici
548 2400 617 2442 esse
635 2383 818 2462 discipulum
838 2400 929 2462 quam
943 2382 1043 2462 Epidi
1062 2397 1131 2445 cta-tt

111 2463 316 2528 lumniatcris.
345 2464 401 2524 Hic
418 2465 539 2544 Epidius
552 2477 644 2526 ortum
656 2485 689 2526 se
700 2467 736 2527 ab
749 2466 855 2545 Epidio
867 2466 1015 2528 Nucerino
1034 2487 1108 2548 prac-

111 2549 241 2628 dicabat,
264 2569 349 2629 qnem
369 2549 465 2610 serunt
488 2549 555 2608 olim
571 2553 791 2628 praecipitatum
813 2553 842 2609 in
862 2551 971 2611 iontem
992 2553 1109 2613 fluminis

111 2634 211 2710 Sarni,
228 2635 315 2712 paulo
331 2644 476 2712 postcom
492 2633 629 2694 cornibus
647 2637 794 2712 extitisse,
811 2637 952 2695 aestatim
967 2653 1026 2696 non
1039 2653 1108 2696 com·

112 2719 243 2798 paruisse
257 2719 286 2778 in
301 2735 477 2796 numeroque
494 2719 612 2778 deorum
627 2717 761 2777 habitum.

83 2821 99 2875 5
174 2803 280 2862 Sextus
297 2801 432 2880 Clodius,
451 2821 467 2861 e
483 2803 597 2878 Sicilia,
613 2801 730 2862 Latinae
749 2800 831 2860 simul
848 2799 1037 2881 Graecaeque
1054 2803 1135 2862 elo-u

112 2888 246 2965 quentiae
262 2887 429 2964 professor,
445 2887 520 2946 male
537 2887 667 2946 oculatus
682 2894 711 2944 et
723 2885 822 2960 dicax,
834 2902 898 2962 par
913 2887 1072 2946 oculorum
1084 2887 1111 2945 iu

112 2969 251 3031 amicitia
270 2969 312 3030 M.
328 2969 454 3031 Antonii
474 2969 627 3030 triumviri
645 2970 777 3029 ectrissc
796 2987 830 3028 se
852 2968 962 3038 aiebam
986 2970 1110 3029 eiusdem

110 3072 231 3114 uxorem
251 3054 395 3132 Fulviam,
413 3057 457 3114 cui
473 3054 563 3115 altera
574 3054 666 3114 bucca
680 3053 804 3113 inflatior
819 3062 896 3127 erat,
914 3052 1114 3114 acumenstili

112 3144 232 3198 tentare
247 3138 332 3216 dixit,
356 3157 412 3198 nec
423 3156 458 3198 eo
473 3139 581 3216 minus,
597 3140 681 3197 immo
693 3137 740 3197 vel
755 3138 847 3212 magis
864 3135 900 3196 ob
913 3135 972 3195 hoc
987 3137 1112 3197 Antonio

113 3231 220 3292 aratus.
256 3221 356 3300 Aquo
373 3239 440 3281 mox
461 3221 581 3282 consulo
600 3224 704 3284 irrens
726 3222 811 3278 etism
830 3222 1009 3296 congiarium
1030 3237 1138 3281 acce-o

123 3307 168 3378 rit,
193 3315 223 3363 ut
239 3307 265 3363 ei
285 3307 314 3363 in
330 3306 484 3383 Philippici
529 3304 561 3344 *³-
574 3339 589 3348 --
653 3305 727 3352 biis·
785 3301 915 3364 labibus
931 3303 995 3364 ioci
1016 3323 1114 3365 causo

119 3386 307 3471 capistrum,
324 3386 447 3447 suffito
521 3419 527 3428 ·
607 3423 707 3464 ,vrrs-1
719 3423 743 3446 m
754 3405 803 3446 wm
817 3394 937 3448 tuorum
951 3388 1114 3463 rhetorem,

479 3503 487 3512 .
563 3511 565 3516 ,
611 3471 678 3511 ΜΠ..

117 3489 149 3528 «u
189 3487 327 3524 ..croweo
349 3496 351 3504 Α
716 3470 777 3512 ,mu
799 3477 821 3500 ·'
861 3472 974 3531 schum
994 3473 1115 3534 cumino
