2286 3944
343 245 391 292 ou
408 243 659 292 anennumcrs.
941 231 998 292 261

12 418 49 461 us
63 398 113 460 diu
126 399 155 459 in
170 399 281 478 patria,
303 398 541 478 quinquagesimo
563 398 674 458 demum
695 414 769 459 anno
789 398 910 459 Romam
934 415 1001 458 con-

12 482 64 544 nle
87 480 231 543 cicerone
249 483 360 542 transiit
384 481 540 561 docuitque
562 484 671 542 maiore
692 483 766 542 lama
789 499 872 560 quam
894 482 1001 542 emolu-

12 574 107 627 rento.
136 565 266 644 Namque
288 567 343 626 ianr
363 583 509 644 persenex
517 583 687 644 pauperem
699 584 734 626 se
748 571 776 625 ct
786 563 930 625 habiture
943 564 1001 626 sub

12 650 112 729 sputis
131 647 254 727 quodam
270 651 382 727 scripto
397 649 511 708 latetur.
547 650 662 709 Librum
685 652 785 725 etiam,
808 651 853 708 cui
877 659 922 709 est
936 650 1000 709 titu-

12 751 44 793 us
58 732 249 809 Perialogos,
267 731 354 793 edidit
371 734 564 792 continentem
581 734 716 812 querelas
733 732 768 792 de
788 733 912 810 iniuriis,
928 751 999 811 quas

11 817 190 878 troiessores
217 816 406 894 neglegentia
431 825 479 876 aut
510 816 664 877 ambitione
701 824 851 896 parentum
883 818 999 894 accipe·

12 909 73 961 ent.
107 898 173 959 Fuit
187 908 282 960 autem
300 908 418 960 naturae
441 900 586 976 acerbae,
610 918 667 960 non
689 899 775 960 modo
801 901 829 958 in
844 899 999 979 antisophi-

11 992 76 1062 tas,
97 1001 172 1062 quos
194 984 272 1043 omni
286 983 316 1042 in
332 983 490 1043 occasione
515 984 670 1062 laceravit,
693 982 846 1044 sedetiam
865 986 893 1043 in
914 982 999 1043 disci·

11 1067 104 1145 ·ulos,
124 1075 154 1127 ut
166 1075 195 1126 at
208 1066 343 1127 Horatius
357 1067 499 1144 significat
512 1067 677 1146 ploqosum
694 1087 758 1128 eum
774 1067 947 1146 appellans,
972 1076 1000 1128 et

11 1152 139 1213 lomitius
154 1149 267 1210 Marsus
282 1148 431 1210 scribens:

173 1237 206 1295 Si
218 1253 288 1312 quos
305 1237 423 1295 Orbilius
434 1237 531 1311 ferula
546 1243 706 1312 scuticuque
720 1241 824 1296 cecidit.

11 1333 44 1379 lc
64 1318 102 1377 na
116 1318 278 1398 principum
294 1317 409 1397 quidem
428 1319 555 1378 virorum
575 1321 767 1380 insectatione
788 1318 939 1388 abstinuit;
963 1320 999 1378 si·

11 1399 115 1481 uidem
130 1403 247 1479 ignotus
270 1401 362 1462 adhuc
379 1420 443 1461 cum
462 1401 567 1463 iudicio
583 1404 726 1482 frequenti
749 1405 942 1463 testimonium
958 1401 998 1462 di·

12 1493 96 1562 erat,
109 1487 304 1564 interrogatus
315 1504 332 1546 a
344 1488 477 1547 Varrone
492 1486 624 1547 diversae
638 1488 727 1565 partis
740 1487 900 1562 advocato,
918 1487 997 1566 quid·

10 1586 64 1630 ,am
77 1577 181 1646 ageret
196 1580 225 1630 et
241 1587 297 1650 quo
313 1570 435 1631 artificio
457 1578 601 1646 uteretur,
621 1570 804 1650 gibberosus
818 1589 853 1631 sc
873 1571 912 1631 de
932 1572 1000 1632 cole

10 1671 28 1714 a
46 1652 189 1714 umbram
207 1653 382 1733 transferre
396 1654 560 1733 respondit;
578 1654 655 1732 quod
671 1655 789 1716 hlurena
806 1654 912 1732 gibber
926 1664 998 1715 crat.

10 1736 80 1797 'ixit
93 1754 187 1817 prope
200 1737 237 1798 ad
252 1739 438 1798 centesimum
450 1740 551 1798 aetatis
567 1757 684 1816 annum,
701 1741 804 1800 amissa
820 1739 998 1818 iampridem

10 1823 152 1898 remoris,
171 1831 201 1881 ut
216 1840 319 1881 versus
333 1821 463 1881 Bibaculi
479 1821 580 1883 docet:

195 1910 313 1966 Orbilius
326 1911 437 1965 ubinam
453 1917 505 1978 est,
525 1912 678 1966 litterarum
693 1911 804 1966 obliuio?

10 1989 97 2049 ltatua
114 1989 176 2048 eius
192 1988 351 2048 Beneventi
367 1989 527 2049 ostenditur
540 1991 568 2067 in
584 1987 729 2067 Capitolio
746 1989 781 2048 ad
797 1990 940 2047 sinistrum
957 1987 997 2048 la·

10 2090 41 2133 ua
64 2090 225 2133 marmorea
244 2072 342 2133 habitu
363 2072 492 2133 sedentis
514 2091 549 2133 ac
569 2073 696 2152 palliati,
721 2073 863 2151 appositis
885 2070 997 2130 duobus

10 2155 121 2218 criniis.
139 2157 267 2235 Reliquit
282 2156 369 2217 lilium
382 2155 534 2235 Orbilium,
549 2167 578 2216 et
591 2159 685 2236 ipsum
696 2157 912 2234 grammaticum
928 2172 995 2234 pro·

9 2257 152 2301 assorem.

58 2322 91 2383 l..
108 2323 210 2384 Ateius
224 2323 395 2402 Philologus
410 2323 559 2383 libertinus
573 2323 696 2383 Athenis
711 2332 756 2383 est
772 2331 864 2383 natus.
906 2320 996 2383 Hunc
1006 2330 1039 2383 lo

9 2402 102 2486 lapito
117 2406 219 2467 Ateius
234 2417 320 2468 nutus
336 2409 405 2468 iuris
421 2408 568 2469 consultus
584 2409 664 2468 inter
681 2407 904 2487 psammeticus
926 2405 996 2466 rbe-

9 2508 113 2567 orem,
128 2491 208 2551 inter
222 2492 363 2554 rhetores
377 2493 612 2571 grammaticum
632 2491 733 2570 fuisse
749 2494 797 2553 ait.
833 2491 877 2550 De
894 2490 998 2552 ecdem

9 2574 116 2634 hsinius
131 2575 224 2636 Pollio
247 2576 276 2634 in
298 2575 390 2652 libro,
416 2594 473 2654 quo
490 2576 617 2635 Sallustii
639 2577 747 2655 scripta
766 2575 954 2654 reprehendit
968 2583 999 2633 ut

9 2658 81 2718 nimia
97 2661 258 2736 priscorum
272 2659 427 2720 verborum
442 2660 626 2719 affectatione
648 2660 753 2736 oblita,
776 2663 814 2719 ita
837 2658 937 2717 tradit:
959 2655 999 2717 Iu

9 2757 64 2802 um
77 2760 142 2802 run
157 2743 344 2804 adiutorium
360 2745 389 2804 ei
400 2742 476 2821 seuit
488 2743 623 2803 maxime
640 2742 764 2822 quidum
782 2741 890 2802 Ateius
901 2741 996 2801 Prac-

9 2831 130 2887 acutus
141 2825 254 2888 nobilis
266 2827 488 2906 grammaticus
502 2824 641 2904 Latinus,
661 2826 897 2887 declamantium
910 2824 995 2885 dein·

8 2906 175 2971 lauuditor
193 2918 285 2989 atquc
295 2917 502 2990 praeceptor,
525 2910 568 2970 ud
581 2928 730 2970 summum
752 2909 931 2988 Philoloquo
955 2907 996 2968 ub

8 2999 90 3053 temet
106 2993 292 3054 nominatus.
330 2995 398 3074 lpse
415 2994 450 3053 ad
466 2994 592 3054 Laelium
607 2995 740 3054 Hermam
763 2994 894 3071 scripsit,
916 3008 951 3050 se
964 2992 996 3051 iu

8 3074 127 3137 lauccio
147 3077 258 3137 litteris
277 3095 420 3157 magnum
439 3096 621 3154 processum
644 3076 760 3137 babere
782 3083 812 3136 et
826 3077 859 3136 iu
876 3072 997 3134 habuis

8 3160 186 3236 wuuullum,
207 3160 334 3220 audisse
355 3159 519 3221 Antonium
536 3161 725 3239 Guiphoucm
746 3157 895 3237 eiusque*
915 3156 994 3218 Her·

8 3258 91 3318 nom,
104 3251 218 3322 postea
230 3244 383 3305 docuisse.
414 3244 617 3322 Praecepissc
632 3250 732 3304 autem
744 3244 846 3303 miultis
858 3248 888 3303 et
899 3242 997 3302 claris

8 3326 165 3404 bocuibus,
177 3328 210 3388 iu
220 3329 290 3407 quis
301 3326 403 3406 Appio
416 3346 535 3407 quoquc
547 3335 576 3387 et
587 3326 719 3388 Pulchro
733 3325 874 3388 Claudiis
883 3325 994 3404 frutri-

8 3406 70 3487 bus,
94 3429 222 3491 quorum
244 3412 335 3472 etium
357 3429 458 3471 contus
471 3413 504 3471 iu
522 3410 688 3489 provincia
706 3410 811 3489 fucrit.
849 3410 995 3486 Philologi

8 3494 223 3574 appellationem
241 3497 433 3574 assumpsisse
446 3495 572 3573 videtur,
591 3497 656 3574 quia
672 3497 715 3555 sic
730 3504 758 3554 ut
773 3495 988 3556 Eratosthenes
