2256 3930
86 220 133 269 bx
422 216 630 265 PRAEFATIO.

148 376 204 433 lam
224 375 335 432 collatis
359 375 431 431 inter
453 376 585 432 selibris
607 375 699 431 indice
719 377 764 432 rel
786 373 931 447 praeditis
951 375 993 432 rel

87 459 228 517 destitutis
245 459 269 514 si
288 458 349 530 quis
365 458 539 529 inquisierit,
560 459 614 514 utri
638 459 795 515 universam
810 457 994 529 scriptionem
1028 523 1033 537 ι

88 543 197 599 ddelius
214 550 242 598 et
256 542 394 612 integrius
407 543 540 612 referant,
556 545 608 598 lios
624 542 799 614 posteriores
815 541 913 597 multis
924 541 994 599 locis
1028 536 1034 559 Ρ

87 627 212 699 reperiet
225 626 331 698 pariter
346 641 441 681 omnes
457 632 605 698 corruptos
627 627 681 695 ita,
705 631 735 681 ut
749 624 917 682 necessario
933 641 991 682 cor·

86 709 142 781 rigi
166 711 286 766 debeant
311 715 339 764 et
365 710 527 782 pleramque
553 710 662 780 possint
682 726 718 764 ex
744 707 908 781 prioribus,
931 709 993 764 illos
1016 689 1033 759 ,Ρ

87 809 167 864 vero,
180 793 233 849 etsi
247 809 301 849 non
318 791 507 889 incorruptos,
523 799 551 849 at
564 799 617 848 tarn
634 792 769 862 egregios
783 797 953 862 cognoscet,
967 763 1034 846 ιιι”’

88 877 237 933 exalteris
255 882 333 932 certe
351 876 458 946 corrigi
478 877 587 948 possint
602 871 792 948 nusqunm“).
837 873 992 945 Distingui
1021 857 1028 909 Ρ

88 978 147 1016 mus
163 960 250 1031 igitur
265 961 319 1017 duo
340 960 473 1016 librorum
492 977 612 1029 genera,
631 975 746 1030 quorum
766 960 887 1016 atterum
902 958 1034 1018 indice

88 1045 212 1116 praellxo
228 1043 351 1100 notabile
363 1043 478 1099 codices
490 1043 641 1099 Vaticauos
658 1049 725 1103 1518
739 1047 767 1098 et
784 1045 865 1112 1862,
880 1023 1034 1098 beiden·flu

89 1145 162 1197 sem,
190 1128 355 1191 Gudianum,
380 1126 607 1198 Neapolitanum,
635 1133 784 1198 praeterea
806 1125 1034 1183 Florentinum
1022 1108 1029 1160 Ρ

90 1211 240 1267 editionem
255 1210 448 1282 complectitur
469 1211 605 1281 simulque
621 1208 729 1266 interna
749 1225 799 1265 sna
820 1189 1034 1282 praestantit”

89 1296 311 1363 commendatur,
333 1295 448 1350 alterum
468 1294 557 1350 libros
579 1295 724 1350 continens
738 1291 905 1350 Vaticanum
919 1296 1034 1411 1466,w

88 1379 292 1473 Florentinum,
307 1378 456 1446 Venatum,
472 1377 682 1434 Berolinensem
691 1375 905 1447 ,llarleiannm,
921 1359 1034 1431 nari-l

90 1461 178 1516 sinum
196 1477 256 1516 curn
270 1461 438 1517 editionibus
450 1461 557 1518 lnoorta
573 1462 722 1518 acVeneta
739 1478 763 1518 a.
778 1465 848 1520 1474
865 1440 1034 1567 οῑίιιιὶἰιιιΡ

91 1552 168 1601 caret
185 1552 213 1600 at
234 1545 409 1601 auctoritate.
453 1545 487 1599 Et
506 1545 626 1600 indicem
642 1545 752 1616 quidem
766 1560 817 1617 per
837 1561 870 1600 se
885 1525 1034 1616 speon-l

89 1633 145 1685 tum
161 1631 195 1685 ad
209 1629 343 1685 librorum
357 1628 509 1684 bonitatem
524 1627 592 1683 nihil
610 1627 715 1698 iacere,
730 1627 893 1684 Florentiua
910 1627 1034 1734 editiom

91 1718 119 1768 et
137 1712 287 1768 Vaticanus
306 1713 379 1768 liber
394 1717 463 1772 4496
485 1712 668 1781 convincunt,
696 1728 811 1782 quorum
832 1711 882 1767 illa
904 1686 1034 1766 iudicel

91 1812 190 1851 carens
205 1795 315 1851 meliori
330 1796 462 1852 librorum
478 1795 593 1866 generi,
614 1796 661 1851 bic
675 1795 768 1852 indice
785 1794 933 1867 praeditus
948 1793 989 1849 dc·

91 1879 190 1934 teriori
215 1879 398 1948 assignandus
424 1880 483 1933 luit.
529 1879 585 1934 Sed
612 1879 723 1936 facilius
749 1882 803 1934 hoc
833 1881 990 1948 argumento

89 1963 142 2017 tibi
172 1963 373 2034 persuadebis,
405 1963 560 2018 deteriores
592 1962 680 2019 libros
716 1977 812 2018 omnes
842 1977 878 2017 ex
904 1947 1034 2030 attonat

92 2047 219 2118 exemplo
235 2047 359 2102 melioris
375 2047 488 2116 generis
504 2047 557 2101 iarn
574 2047 642 2102 satis
654 2047 817 2119 depravato,
834 2044 928 2116 qualis
942 2034 1034 2098 Vra-¹

90 2130 198 2186 ticanus
216 2136 285 2191 4498
300 2137 359 2201 est,
380 2131 474 2185 lacta
467 2148 580 2202 insuper
601 2130 702 2186 indicis
721 2129 844 2197 iactura,
866 2143 933 2183 esse
948 2113 1034 2181 dan
1013 2160 1022 2257 Q

90 2214 205 2270 rivatos.
704 2247 708 2252 ·
1025 2229 1034 2238 ·

1023 1761 1034 1817 lt

1023 1846 1034 1900 l

153 2298 262 2353 demut
282 2298 366 2368 paulo
382 2297 544 2368 diligentius
564 2297 699 2369 exemplis
721 2296 912 2364 illustremus,
931 2291 991 2348 libri

91 2381 282 2437 berolinensis
297 2380 460 2436 Harleiauus
476 2381 626 2448 Parisinus,
642 2382 762 2451 itemque
779 2377 832 2433 nisi
850 2377 992 2433 fallorVa-
1029 2381 1034 2451 ξ

92 2464 199 2519 ticanus
217 2469 286 2522 4498
310 2470 336 2517 et
358 2463 549 2533 Florentinus,
570 2472 710 2536 postremo
727 2464 834 2519 Veneta
856 2460 945 2516 editio
964 2475 993 2514 ac

92 2556 254 2620 pierumque
270 2540 419 2619 lnrertaffi)
437 2548 573 2603 vocabula
595 2548 721 2603 omittunt
736 2547 837 2602 scilicet
856 2561 885 2617 p.
901 2549 964 2613 251,
980 2548 995 2602 3

94 2638 122 2685 et
138 2636 199 2697 259,
219 2637 267 2693 15:
286 2632 322 2684 ito
339 2648 365 2700 p.
382 2635 443 2698 264,
458 2637 507 2694 203
526 2646 556 2686 eo
572 2649 599 2702 p.
616 2637 678 2701 265,
692 2637 741 2695 23:
757 2644 827 2700 quoe
842 2645 868 2700 p.
879 2630 995 2695 268,17;

94 2720 224 2784 corrupte
239 2714 376 2783 praebent
394 2732 420 2785 p.
436 2720 497 2782 263,
513 2721 545 2772 15
561 2714 784 2786 cupersanum,
803 2717 838 2770 26
851 2714 997 2781 premente

92 2800 172 2864 scire,
189 2804 220 2855 31
236 2796 374 2857 tacuero·
397 2815 423 2868 p.
441 2803 508 2867 264,
528 2804 562 2857 30
584 2798 704 2852 liberalia
727 2798 869 2868 antiquusr
889 2812 918 2867 p.
937 2798 997 2863 265,

163 3027 206 3088 37)
226 3027 289 3076 Nam
312 3042 336 3091 p.
356 3027 421 3086 271,
441 3028 611 3089 reincipere,
636 3028 703 3091 quod
721 3027 791 3077 solus
807 3025 941 3074 Parisinus
960 3041 999 3072 ca-

94 3097 145 3145 dex
160 3095 235 3144 habet
253 3110 298 3160 pro
317 3098 342 3143 tn
363 3111 451 3157 opere,
480 3096 548 3144 felici
567 3097 724 3146 coniecturae
745 3094 832 3145 deberi
850 3093 999 3141 Harleianus

94 3172 179 3229 aperte
203 3164 366 3214 demonstrat.
405 3162 508 3213 Obstare
531 3165 630 3214 videtur
654 3165 724 3214 locus
746 3179 772 3228 p.
800 3161 867 3222 270,
901 3160 935 3211 26
960 3160 1000 3209 ubi

94 3234 164 3284 Leid.
184 3232 247 3282 Gud.
267 3233 298 3281 ed
305 3234 369 3282 Flor.
387 3249 403 3280 a
417 3233 444 3283 Ο,
458 3232 550 3280 habent
561 3248 606 3298 pro
626 3233 657 3282 ab
666 3251 677 3291 ;
696 3232 766 3296 atqui
781 3231 812 3280 de
827 3229 962 3279 Vaticanis
980 3235 1000 3275 et

94 3302 258 3366 Neapolitano
277 3302 389 3350 nondum
410 3309 514 3349 constat.
1032 3321 1034 3325 ·

163 3403 206 3465 38)
226 3404 329 3452 Duobus
348 3403 474 3452 codicibus
494 3403 515 3451 is
535 3403 576 3465 qui
599 3406 722 3452 Incertam
745 3401 883 3450 editionem
903 3399 1000 3466 paravit
1023 3341 1031 3453 Ρ

94 3486 155 3520 usus
175 3488 230 3520 esse
247 3473 355 3523 videtur.
1015 3457 1030 3890 Ι
