2256 3930
121 268 180 331 102
208 280 238 328 o.
252 280 401 328 suarum
419 280 545 340 rasso.
562 281 610 327 ns
625 282 710 328 vura
726 280 911 329 cassanum
925 280 1001 329 nra.
1014 280 1068 328 nr.

119 437 192 496 ciem
208 436 379 495 sacramenti
394 437 422 492 in
440 435 607 511 provincias
620 436 764 512 gravioris
779 435 853 495 caeli
867 434 1038 512 distribuit,
1060 435 1120 496 reli·

119 537 192 598 quos
206 521 303 596 gentis
318 518 445 577 eiusdem
458 518 504 577 vel
522 519 624 578 similia
640 528 786 579 sectantes
801 519 872 578 urbe
885 521 1060 596 summovit,
1074 519 1119 580 sub

117 620 213 682 poena
237 611 396 681 perpetuae
417 603 563 661 servitutis
582 603 636 662 nisi
659 602 923 681 obtemperassent.
954 602 1082 684 Expulit
1096 612 1118 664 et

117 686 349 763 mathematicos,
372 686 424 746 sed
447 684 668 764 deprecantibus
683 705 719 747 ac
734 705 767 746 se
782 695 873 747 artem
885 686 1045 750 desituros
1059 706 1116 768 pro

117 770 292 830 mittentibus
308 772 420 830 veniam
436 769 522 829 dedit.
1117 784 1124 825 t

74 867 107 922 37
181 853 212 912 ln
227 856 324 932 primis
337 854 459 914 tuendae
472 854 554 932 pacis
566 871 583 912 a
594 856 769 931 grassaturis
780 872 815 914 ao
826 854 995 916 latrociniis
1007 856 1113 917 seditio

115 956 238 1017 numque
261 939 377 998 licentia
397 956 494 998 curam
510 937 617 999 habuit.
645 940 791 999 Stationes
804 938 924 998 militurn
941 958 1000 1018 ρει·
1016 940 1112 1002 Italian

115 1022 201 1081 solito
224 1022 437 1100 frequentiores
454 1021 604 1099 disposuit.
633 1023 742 1083 Romae
761 1031 856 1082 castra
870 1025 1045 1102 constituit,
1066 1025 1110 1103 qni

114 1105 169 1164 hus
186 1107 388 1184 praetorianae
408 1104 560 1182 cohortes,
583 1123 677 1183 vagae
694 1115 760 1167 ante
778 1106 807 1166 id
820 1115 938 1185 tempus
954 1116 987 1167 et
1004 1126 1060 1188 per
1074 1109 1110 1168 ho

115 1190 199 1268 spitia
215 1188 382 1267 dispersae,
399 1190 623 1249 continerentur.
1111 1202 1125 1243 a

178 1272 337 1352 Populares
363 1273 497 1332 tumuitus
525 1282 554 1331 et
575 1282 656 1334 ortos
678 1274 851 1351 gravissime
874 1276 1016 1335 coercuit
1039 1285 1067 1335 et
1084 1292 1109 1334 ne

115 1366 267 1416 orerentur
286 1357 387 1417 sedulo
403 1359 488 1416 cavit.
521 1355 618 1417 Caede
633 1359 661 1416 in
676 1357 789 1418 theatro
805 1376 860 1437 per
876 1357 1061 1420 discordiam
1075 1358 1108 1419 ad·

114 1442 215 1517 missa,
238 1442 332 1519 capita
354 1441 509 1501 lactionum
525 1450 554 1499 et
570 1442 740 1517 histriones,
762 1451 885 1521 propter
902 1460 984 1521 quos
1003 1442 1103 1503 disside

114 1524 212 1599 batur,
228 1524 384 1601 relegavit,
399 1543 454 1584 neo
467 1534 496 1584 nt
509 1533 665 1584 revocaret
681 1543 811 1604 umquam
822 1525 889 1585 ullis
905 1527 1014 1606 populi
1029 1542 1107 1606 preca·
1125 1529 1128 1596 J

113 1608 167 1666 bus
195 1609 287 1685 putuit
313 1610 418 1668 evinci.
462 1607 532 1668 (lum
559 1607 722 1669 Pollentina
747 1609 832 1688 plebs
856 1609 942 1669 funus
974 1609 1108 1671 cniusdau

115 1692 297 1770 primipilaris
319 1710 375 1751 non
397 1693 476 1770 prius
493 1712 530 1753 ex
545 1693 611 1753 loro
627 1695 770 1768 misisset,
794 1710 877 1771 quam
896 1702 1019 1754 extorta
1035 1712 1108 1773 peon
1127 1705 1128 1770 j

113 1778 159 1834 nia
182 1794 235 1853 per
256 1778 312 1834 vim
330 1775 486 1835 heredibus
507 1776 544 1834 ad
563 1776 764 1853 gladiatorium
779 1795 896 1854 munus,
913 1776 1128 1838 cohortemali

113 1858 184 1918 urbe
205 1868 234 1918 et
248 1859 330 1920 aliam
346 1879 361 1919 a
378 1859 454 1920 cotti
472 1877 583 1936 regno,
599 1860 774 1921 dissimulata
787 1862 897 1920 itineris
916 1878 1026 1939 cansa,
1041 1861 1109 1921 dete
1127 1901 1128 1904 =

113 1945 166 2003 ctis
187 1953 307 2022 repente
324 1945 409 2004 armis
433 1944 707 2023 concinentibusque
726 1945 815 2021 signis
830 1962 884 2023 per
899 1944 1038 2005 diversas
1054 1962 1110 2024 por·

111 2036 155 2086 tas
176 2028 205 2087 in
226 2027 362 2106 oppidum
384 2029 511 2104 immisit,
534 2046 569 2087 ao
584 2037 695 2107 partem
709 2029 847 2087 maiorem
863 2027 966 2106 plebei
982 2047 1020 2090 ac
1033 2029 1110 2089 decu

111 2112 222 2170 rionum
242 2114 270 2169 in
289 2121 429 2190 perpetua
447 2111 562 2171 vincula
582 2113 699 2172 coiecit.
734 2110 874 2172 Abolerit
889 2114 980 2172 etius
995 2130 1110 2173 morem
1127 2121 1128 2140 ¹

111 2213 166 2272 que
192 2195 351 2272 asylorum,
379 2213 453 2274 quae
478 2213 596 2274 usquam
623 2203 713 2255 erant.
749 2192 903 2270 Cyzicenis
923 2196 955 2255 in
981 2198 1066 2257 cives
1082 2196 1110 2256 R.

111 2278 265 2337 violentius
287 2280 427 2356 quaedam
453 2282 530 2339 ausis
555 2279 671 2358 publice
697 2277 860 2339 libertatem
882 2278 1009 2359 ademit,
1036 2295 1111 2360 quan

110 2361 302 2421 Mithridatico
318 2363 397 2423 hello
412 2373 584 2422 meruerant.

174 2444 302 2503 Hostiles
322 2456 431 2522 motus,
454 2447 531 2507 nulla
551 2456 653 2525 postea
673 2446 858 2526 expeditione
881 2457 1045 2526 suscepta,
1066 2464 1111 2528 per

111 2527 226 2602 legatos
254 2532 447 2607 compescuit,
475 2549 510 2588 ne
531 2549 585 2608 per
609 2549 662 2590 eos
683 2531 796 2610 quidem
816 2531 871 2590 nisi
894 2537 1110 2592 cunctanteret

111 2611 289 2670 necessario.
327 2613 426 2689 Reges
455 2614 576 2673 infestos
602 2623 815 2693 suspectosque
843 2614 1127 2676 comminationibus·

110 2696 202 2770 magis
218 2704 247 2753 ct
262 2696 401 2773 querellis
416 2715 499 2774 quam
515 2699 541 2755 vi
555 2699 710 2777 repressit;
734 2697 872 2776 quosdam
888 2715 946 2776 per
963 2698 1108 2760 blanditias

110 2789 196 2857 atque
216 2782 358 2857 promissa
382 2790 529 2840 extractos
549 2781 584 2840 ad
605 2799 713 2841 senon
734 2783 856 2857 remisit,
877 2789 907 2840 ut
921 2781 1108 2843 Maroboduu

110 2864 291 2939 Germanum,
307 2864 514 2943 Rhascypolim
529 2864 686 2941 Thracem,
701 2864 875 2926 Archelaum
892 2863 1105 2946 Cappadocem,

111 2949 190 3008 cuius
206 2950 289 3009 ctiam
306 2967 425 3025 regnum
441 2951 602 3009 informem
619 2950 786 3027 provinciae
802 2948 928 3026 redegit.

64 3047 102 3104 38
172 3032 292 3092 Biennio
320 3035 453 3093 continuo
479 3042 547 3112 post
571 3033 704 3111 adeptum
729 3034 877 3111 imperium
900 3033 1014 3111 pedem
1036 3039 1104 3112 porta

109 3136 167 3178 non
185 3118 299 3186 extulii;
321 3119 454 3195 sequenti
472 3127 602 3195 tempore
620 3126 820 3195 praeterquam
836 3119 864 3176 in
878 3119 1051 3198 propinqua
1066 3132 1103 3194 ορ

110 3202 176 3279 pido
198 3211 242 3278 et,
268 3220 330 3261 cum
353 3202 538 3279 longissime,
564 3200 651 3259 Antio
667 3210 749 3260 tenus
765 3219 902 3280 nusquam
918 3203 1009 3279 aluit,
1032 3201 1101 3280 idque

110 3304 230 3362 perraro
253 3296 281 3344 et
297 3304 405 3363 paucos
421 3286 496 3353 dies;
521 3286 649 3361 quamvis
663 3286 828 3362 provincias
848 3302 970 3364 quoque
988 3296 1019 3346 et
1035 3301 1101 3346 exer
1122 3293 1128 3319 ‘¹‘

112 3370 184 3426 citus
205 3372 361 3429 revisurum
384 3390 416 3429 sc
438 3389 526 3447 saepe
549 3370 762 3445 pronuntiasset
784 3378 812 3428 et
833 3387 930 3448 prope
948 3368 1100 3449 quotannis

111 3452 322 3526 profectionem
340 3462 538 3532 praepararet,
556 3452 696 3510 vehiculis
714 3453 952 3531 comprehensis,
971 3469 1100 3514 commea

109 3531 186 3592 tibus
205 3555 258 3614 per
272 3540 424 3616 municipia
444 3546 472 3595 et
489 3537 617 3596 colonias
633 3535 795 3615 dispositis,
812 3536 846 3596 ad
865 3547 1032 3600 extremum
1048 3546 1099 3601 voa
