2286 3944
1112 40 1137 101 ἱ

1041 120 1123 161 κ

95 209 135 269 26
179 221 209 268 c.
225 219 376 268 sunuoru
393 218 520 278 necno.
536 218 583 264 ou
600 218 684 265 vura
700 217 885 266 cfflsaaum
901 221 969 267 ern.
988 224 1010 267 r.

95 375 198 435 sendas
224 374 330 433 frustra
354 392 443 452 saepe
471 374 612 448 misisset,
640 373 797 432 novissime
819 373 883 450 ipse
910 373 984 432 olam
1007 385 1096 433 noctu

95 459 243 538 parvulum
258 459 403 534 navigium
418 457 498 515 solus
514 456 656 516 obvoluto
676 459 772 535 capite
788 456 975 532 conscendit,
999 475 1096 535 neque

93 553 140 603 aut
161 544 224 621 quis
244 550 323 600 esset
342 550 407 600 ante
426 540 536 600 detexit
554 549 602 599 aut
620 540 846 618 gubernatorem
863 540 969 599 cedere
992 540 1095 600 adver-

49 635 85 688 59
95 645 145 687 sae
160 627 323 703 tempestati
340 643 443 702 passus
459 633 520 700 est,
535 641 618 702 quam
634 642 728 702 paene
745 624 863 683 obrutus
879 624 1020 683 fluctibus.
1050 625 1095 683 Ne

92 711 237 787 religione
252 707 366 786 quidem
381 708 439 767 ulla
455 726 471 768 a
487 726 631 786 quoquam
642 710 762 786 incepto
778 707 949 767 absterritus
964 727 1117 786 umquamu

92 793 140 854 vel
161 792 322 853 retardatus
345 801 399 851 est.
443 790 514 851 Gum
536 792 692 851 immolanti
715 791 877 867 aufugisset
893 792 1003 868 hostia,
1028 811 1094 870 pro-

91 878 249 937 fectionem
271 876 411 936 adversus
430 877 598 954 Scipionem
621 885 650 934 et
672 875 770 934 Iubam
790 893 849 934 non
874 876 992 935 distulit.
1026 876 1095 935 Pro-

91 961 190 1039 lapsus
206 962 292 1020 etiam
306 963 335 1018 iu
350 978 475 1036 egressu
489 962 587 1036 navis,
610 977 698 1018 verso
715 958 751 1019 ad
764 959 866 1017 melius
883 961 978 1019 omine
999 959 1096 1021 Teneo

92 1052 136 1119 te,
153 1047 258 1122 inquit,
274 1042 399 1121 Africa.
434 1043 481 1103 Ad
496 1043 652 1103 eludendas
670 1051 763 1102 autem
779 1044 1019 1119 vaticinationes,
1036 1047 1095 1122 qui-

91 1127 145 1186 bus
160 1127 234 1187 lelix
249 1137 279 1186 et
297 1129 434 1187 invictum
451 1130 479 1186 in
497 1146 532 1187 ea
549 1128 701 1204 provincia
716 1126 843 1186 lataliter
860 1128 1030 1205 Scipionum
1046 1142 1131 1186 no-1e

90 1228 157 1270 men
183 1211 348 1288 ferebatur,
375 1211 627 1290 despectissimum
657 1209 798 1289 quendam
828 1228 866 1269 ex
892 1209 1097 1270 Corneliorum

92 1316 220 1376 genere,
243 1299 288 1356 cui
310 1296 345 1356 ad
367 1293 556 1374 opprobrium
576 1297 654 1353 vitae
672 1294 814 1354 Saluitoni
836 1311 1001 1370 cognomen
1023 1305 1095 1372 erat,

91 1386 121 1441 in
138 1383 241 1442 castris
255 1398 353 1440 seeum
368 1378 475 1439 babuit.

49 1477 85 1530 60
155 1464 272 1524 Proelia
286 1481 344 1522 non
360 1471 467 1522 tantum
481 1461 643 1538 destinato,
667 1461 720 1520 sed
736 1480 774 1520 ex
790 1463 949 1521 occasione
966 1461 1096 1520 sumebat

91 1567 128 1608 ac
146 1566 236 1625 saepe
254 1547 289 1606 ab
306 1549 410 1605 itinere
429 1547 541 1622 statim,
563 1545 706 1604 interdum
721 1546 917 1624 spurcissimis
939 1554 1094 1622 tempesta·
1107 1565 1131 1605 15

91 1631 181 1706 tibus,
204 1648 266 1688 cum
289 1631 403 1688 minime
424 1631 488 1708 quis
505 1638 648 1688 moturum
664 1638 794 1708 putaret;
818 1647 874 1688 nec
888 1630 944 1687 nisi
961 1637 1095 1707 tempore

91 1723 222 1773 extremo
247 1712 283 1772 ad
304 1712 494 1772 dimicandum
516 1715 677 1772 cunctatior
694 1714 788 1772 factus
811 1721 871 1788 est,
898 1730 955 1790 quo
978 1715 1095 1790 saepius

90 1798 227 1873 vicisset,
249 1797 308 1855 boc
328 1798 419 1855 minus
436 1790 633 1875 experiendos
651 1815 736 1856 casus
755 1798 894 1875 opinans,
915 1795 1044 1874 nihilque
1063 1814 1096 1854 se

90 1888 197 1940 tantum
218 1879 424 1958 adquisiturum
443 1881 584 1957 victoria,
613 1889 747 1958 quantum
761 1880 827 1917 *⁸³*
845 1875 985 1963 [auferre
1007 1880 1093 1939 colo·

90 1963 183 2024 mitae
195 1970 313 2040 posset.
352 1962 477 2024 Nullam
491 1960 648 2046 umquam]
664 1963 779 2023 hostem
800 1963 888 2039 fudit,
906 1965 974 2041 quin
993 1967 1130 2023 castrisao

91 2065 207 2126 quoque
222 2055 357 2107 exueret:
376 2049 416 2106 ita
430 2047 537 2106 nullum
554 2050 677 2126 spatium
692 2048 856 2127 perterritis
872 2046 967 2106 dabat.
1006 2047 1094 2106 Anci-

91 2132 144 2211 piti
164 2130 280 2209 proelio
300 2149 392 2210 equos
411 2130 570 2190 dimittebat
590 2141 620 2191 et
640 2133 671 2191 in
693 2132 792 2210 primis
809 2148 906 2207 suum,
930 2147 987 2209 quo
1003 2133 1095 2190 maior

91 2214 278 2293 permanendi
310 2217 471 2274 necessitas
497 2217 696 2293 imponeretur
725 2214 833 2275 auxilio
860 2215 949 2292 fugae
978 2224 1094 2293 erepto.

49 2297 235 2359 tilUtebatur
255 2307 349 2358 autem
369 2317 445 2378 equo
465 2300 588 2375 insigni,
612 2298 735 2378 pedibus
757 2315 853 2377 prope
868 2297 998 2357 humanis
1017 2307 1047 2357 et
1066 2299 1094 2356 in

91 2380 206 2440 modum
222 2380 377 2457 digitorum
390 2382 506 2459 ungulis
525 2384 617 2459 fissis,
640 2400 724 2461 quem
745 2390 842 2442 natum
862 2381 937 2460 apud
958 2400 1006 2458 se,
1031 2400 1127 2441 cumas

91 2463 261 2541 haruspices
277 2466 427 2544 imperium
444 2466 524 2525 orbis
540 2475 636 2526 terrae
651 2465 818 2542 significare
834 2464 951 2524 domino
968 2483 1093 2544 pronun-

91 2548 227 2622 tiassent,
253 2565 357 2624 magna
381 2566 448 2608 cura
474 2549 543 2608 aluit
568 2568 624 2609 nec
644 2551 802 2628 patientem
823 2550 952 2608 sessoris
975 2548 1094 2607 alterius
1133 2589 1137 2607 r

91 2631 199 2706 primus
214 2631 358 2697 ascendit;
383 2633 463 2689 cuius
485 2635 570 2692 etiam
590 2635 681 2692 instar
696 2650 750 2712 pro
767 2631 841 2692 aede
859 2633 985 2693 Veneris
1001 2632 1093 2693 Gene-

49 2713 173 2770 ffltricis
190 2719 294 2787 postea
310 2712 464 2773 dedicavit.
501 2714 669 2776 Inclinatam
688 2718 781 2776 aciem
802 2716 884 2776 solus
904 2733 995 2795 saepe
1009 2719 1093 2776 resti-

90 2796 142 2853 tuit
166 2791 312 2854 obsistens
333 2796 510 2872 fugientibus
532 2801 720 2878 retinensque
744 2799 877 2876 singulos
899 2808 929 2858 et
950 2803 1092 2859 contortis
1102 2814 1128 2855 ao

89 2875 221 2937 faucibus
249 2888 424 2939 convertens
447 2882 476 2940 in
498 2880 612 2942 bostem
633 2892 662 2941 et
684 2883 799 2962 quidem
823 2882 898 2944 adeo
922 2882 1092 2962 plerumque

89 2959 237 3039 trepidos,
264 2970 295 3020 ut
320 2962 453 3041 aquilifer
478 2968 600 3025 moranti
625 2985 659 3024 se
682 2966 803 3046 cuspide
828 2967 866 3025 sit
892 2969 1092 3044 comminatus,
1134 3030 1137 3035 ,

47 3043 163 3112 caelius
179 3045 208 3102 in
227 3061 309 3104 manu
330 3045 484 3107 detinentis
503 3048 654 3128 reliquerit
674 3051 797 3127 signum.
829 3049 897 3110 Non
915 3051 1027 3111 minora
1043 3051 1093 3110 illa
1135 3053 1137 3065 ¹

91 3130 270 3188 constantiae
291 3131 370 3206 eius,
392 3131 478 3191 immo
499 3134 608 3193 maiora
630 3135 716 3193 etiam
734 3133 840 3194 indicia
862 3133 978 3193 luerint.
1022 3134 1093 3195 Post
1124 3166 1137 3209 q

89 3211 182 3269 aciem
196 3209 389 3273 Pharsalicam
410 3233 473 3274 cum
493 3217 661 3295 praemissis
683 3219 712 3276 in
727 3216 828 3278 Asiam
849 3217 945 3296 copiis
966 3235 1020 3296 per
1043 3237 1123 3279 an-ar

88 3294 198 3368 gustias
213 3293 398 3375 Hellesponti
419 3301 551 3360 uectoria
572 3301 705 3360 navicula
726 3303 881 3377 traiceret,
904 3299 936 3360 L.
959 3299 1090 3362 Cassium

87 3377 178 3451 partis
195 3376 336 3439 adversae
353 3398 416 3439 cunr
433 3382 535 3442 decem
549 3386 682 3443 rostratis
700 3384 821 3443 navibus
837 3383 954 3444 obuium
970 3386 1025 3445 sibi
1041 3405 1089 3444 ne-

89 3474 144 3535 que
159 3459 268 3535 reiugit
282 3471 312 3522 et
329 3467 486 3524 comminus
501 3466 639 3545 tendens,
657 3466 733 3526 ultro
753 3465 788 3526 ad
803 3466 980 3529 deditionem
994 3469 1090 3530 borta-

1115 3731 1137 3822 d
