2286 3944
108 201 171 262 228
195 211 226 260 c.
239 205 592 265 coenomanensem
607 190 690 279 mna
703 203 891 252 cnnsnnnnr
905 205 979 253 nra.
994 207 1067 255 vnn.

169 364 255 443 Apud
266 362 400 421 Iudaeam
413 360 538 421 Carmeli
552 361 598 420 dei
613 358 761 445 oraculum
774 359 979 418 consulentem
991 362 1031 419 ita
1044 377 1105 420 con·

109 452 261 511 firmavere
278 455 391 522 sortes,
415 454 447 503 ut
468 444 605 523 quidquid
625 446 770 520 cogitaret
789 442 988 521 uolueretque
1006 445 1105 520 animo,

111 530 267 613 quamlibet
283 547 434 606 magnum,
456 528 485 587 id
510 547 576 587 esse
597 535 804 607 proventurum
827 526 1056 605 pollicerentur;
1079 536 1105 587 et

110 635 181 676 unns
197 633 235 674 ex
250 612 398 673 nobilibus
416 614 538 691 captivis
557 611 698 688 losepus,
721 628 785 669 cnm
810 611 980 670 coiceretur
1002 612 1030 670 in
1049 613 1105 670 vin·

112 701 187 776 cula,
205 698 438 758 constantissime
454 697 634 754 asseveravit
648 694 713 754 lore
728 703 759 752 ut
779 691 816 752 ab
833 694 938 754 eodem
955 693 1039 754 brevi
1051 695 1123 757 sol-a

111 792 246 857 veretur,
271 799 370 840 rerum
392 782 447 840 iam
469 780 654 857 imperatore.
688 777 898 837 Nuntiabantur
921 787 952 837 et
977 797 1016 837 ex
1039 777 1105 837 urbe

112 867 279 948 praesagia,
293 864 440 924 Neronem
455 862 556 921 diebus
571 861 675 921 ultimis
690 863 825 921 monitum
843 879 898 939 per
914 863 1058 940 quietem,
1079 871 1105 921 ut

111 962 224 1012 tensam
239 949 317 1007 lovis
330 947 435 1026 Optimi
449 946 565 1006 blaximi
580 964 597 1005 e
617 947 746 1005 sacrario
762 946 792 1003 in
806 944 920 1004 domum
932 947 1104 1025 Vespasiani

111 1045 141 1095 et
155 1033 221 1093 inde
234 1034 263 1091 in
278 1034 384 1091 circum
399 1030 570 1098 deduceret;
594 1047 629 1089 ac
644 1046 703 1088 non
719 1028 807 1087 multo
824 1037 906 1106 post,
925 1032 1042 1089 comitia
1064 1047 1103 1088 se·

112 1117 196 1178 cundi
216 1115 380 1175 consulatus
396 1118 511 1173 ineunte
527 1112 632 1189 Galba,
649 1122 770 1172 statuam
786 1111 852 1171 Divi
870 1111 925 1172 Iuli
946 1113 985 1173 ad
1009 1112 1131 1174 Orien-n

110 1211 168 1262 tem
181 1207 285 1278 sponte
297 1216 482 1265 conversam;
499 1198 621 1275 acieque
632 1195 821 1272 betriacensi,
837 1197 918 1275 prins
930 1214 1019 1274 qnam
1032 1216 1104 1258 com·

110 1286 281 1358 mitteretur,
298 1281 368 1340 duas
384 1281 496 1359 aquilas
512 1281 541 1339 in
554 1289 715 1358 conspectu
727 1281 849 1340 omnium
866 1280 1050 1358 condixisse,
1066 1283 1105 1339 vi·

112 1377 217 1444 otaque
232 1365 323 1424 altera
337 1366 545 1442 supervenisse
560 1365 674 1425 tertiam
687 1363 723 1424 ab
741 1363 812 1423 solis
828 1372 930 1423 exortu
952 1382 991 1424 ac
1012 1367 1104 1425 victri-

83 1458 173 1510 dcem
188 1447 337 1523 abegisse.
377 1446 441 1507 Nec
459 1457 554 1507 tamen
570 1449 723 1526 quicquam
741 1457 806 1507 ante
824 1450 994 1526 temptavit,
1012 1466 1104 1528 prom·

110 1532 247 1613 ptissimis
263 1539 349 1608 atque
364 1533 449 1590 etiam
466 1531 639 1591 instantibus
653 1533 728 1608 suis,
746 1549 831 1609 quam
846 1531 1022 1592 sollicitatus
1038 1550 1103 1611 quo·
1113 1552 1132 1592 rs

110 1615 227 1675 rundam
245 1622 274 1672 et
288 1616 455 1689 ignotorum
474 1624 502 1674 et
517 1615 677 1675 absentium
692 1616 812 1676 fortuito
827 1615 939 1675 favore.

171 1699 312 1758 Moesiaci
328 1700 474 1758 exercitus
490 1698 554 1759 bina
573 1718 589 1758 e
606 1699 697 1759 tribus
718 1699 882 1776 legionibus
905 1698 1000 1777 milia,
1021 1703 1107 1760 missa

111 1782 218 1843 auxilio
235 1781 350 1858 Othoni,
367 1792 520 1861 postquam
536 1783 679 1859 ingressis
694 1785 749 1843 iter
760 1785 915 1844 nuntiatum
930 1792 986 1859 est,
1002 1786 1107 1844 victum

111 1884 176 1926 eum
191 1885 226 1927 ac
241 1867 297 1925 vim
312 1866 387 1925 vitae
406 1885 476 1926 suae
492 1867 641 1944 attulisse,
661 1867 750 1926 nihilo
768 1868 857 1927 setius
871 1866 1039 1945 Aquileiam
1064 1889 1106 1928 us-

112 1969 169 2030 que
193 1960 476 2030 perseveraverunt,
506 1952 587 2029 quasi
607 1952 714 2011 rumori
735 1951 827 2010 minus
849 1951 1014 2010 crederent.
1065 1952 1135 2012 lbia

112 2053 166 2114 per
181 2036 367 2094 occasionem
382 2053 415 2093 ac
427 2034 571 2094 licentiam
584 2037 658 2094 omni
673 2036 836 2113 rapinarum
847 2053 957 2112 genere
969 2039 1108 2112 grassati,

112 2137 176 2179 cum
191 2119 324 2177 timerent
347 2137 383 2178 ne
404 2118 459 2178 sibi
482 2121 611 2178 reversis
635 2117 782 2178 reddenda
803 2121 876 2180 ratio
901 2137 936 2179 ac
957 2119 1108 2180 subeunda

110 2219 206 2281 poena
222 2210 318 2278 esset,
335 2202 486 2262 consilium
500 2203 623 2261 inierunt
638 2202 764 2280 eligendi
787 2202 960 2281 creandique
984 2204 1108 2283 impera·

109 2287 196 2353 toris;
221 2287 412 2362 nequeenim
434 2285 596 2346 deteriores
617 2305 684 2346 esse
706 2296 753 2346 aut
766 2286 951 2366 Hispaniensi
974 2289 1108 2347 exercitu

111 2370 159 2445 qui
174 2366 303 2443 Galbam,
321 2377 369 2426 aut
384 2371 571 2447 praetoriano
590 2372 638 2448 qui
654 2369 805 2448 Othonem,
824 2379 872 2430 aut
885 2371 1106 2432 Germaniciano
1116 2392 1136 2431 a

109 2451 158 2529 qui
174 2450 323 2509 Vitellium
337 2451 487 2511 fecissent.
525 2453 687 2532 Propositis
703 2456 799 2534 itaque
816 2454 976 2514 nominibus
991 2456 1106 2533 legato·

108 2551 170 2591 rum
188 2533 392 2610 consularium,
410 2544 481 2612 quot
495 2535 602 2614 ubique
618 2546 686 2598 tunc
703 2548 795 2616 erant,
813 2557 876 2598 cum
892 2548 1008 2598 ceteros
1019 2539 1107 2600 alium

109 2616 164 2677 alia
179 2615 216 2676 de
232 2633 318 2676 causa
333 2617 548 2696 improbarent,
568 2629 597 2680 et
612 2621 754 2700 qnidame
771 2623 889 2700 legione
906 2623 1005 2700 tertia,
1031 2641 1106 2702 quae

109 2700 161 2760 snb
178 2701 257 2760 exitu
270 2697 397 2760 Neronis
411 2702 548 2764 translata
569 2723 606 2764 cx
622 2706 705 2781 Syria
721 2707 750 2765 in
764 2706 903 2767 Moesiam
917 2706 1029 2784 luerat,
1046 2709 1105 2768 Ve-

108 2786 272 2862 spasianum
290 2783 422 2845 laudibus
437 2786 558 2865 terrent,
576 2807 731 2850 assensere
749 2791 844 2851 cuncti
858 2808 1023 2869 nomenque
1040 2793 1136 2852 eiusao

107 2869 223 2928 vexillis
244 2868 374 2928 omnibus
396 2869 458 2930 sine
480 2889 562 2933 mora
582 2873 801 2952 inscripserunt.
839 2873 876 2934 llt
897 2884 965 2934 tnnc
986 2875 1104 2952 quidem

108 2968 277 3030 compressa
291 2971 339 3012 res
354 2961 409 3031 est,
426 2957 574 3016 revocatis
591 2956 626 3016 ad
640 2958 767 3018 officium
788 2960 914 3019 numeris
935 2977 1103 3038 parumper.

107 3032 243 3096 Ceterum
258 3036 406 3115 divulgato
421 3039 511 3116 lacto,
529 3039 662 3101 'liberius
680 3040 849 3103 Alexander
863 3042 1030 3122 praefectus
1043 3042 1103 3102 Ae·

104 3121 188 3197 gypti
207 3121 315 3198 primus
328 3123 357 3180 in
373 3121 465 3183 verba
477 3123 652 3203 Vespasiani
666 3125 800 3204 legiones
816 3125 913 3204 adegit
924 3125 970 3186 lss.
984 3125 1038 3185 lul.
1053 3130 1105 3204 qui

105 3204 283 3282 principatus
303 3203 364 3265 dies
382 3207 572 3285 inposterum
585 3207 757 3271 observatus
770 3218 823 3270 est.
848 3209 981 3270 ludaicns
994 3209 1104 3270 deinde
1114 3226 1136 3266 aa

103 3289 251 3346 exercitus
266 3289 304 3349 V.
320 3287 387 3349 ldus
400 3289 453 3350 lul.
470 3291 547 3370 apud
562 3293 655 3372 ipsum
670 3295 783 3356 iuravit.

168 3368 322 3431 Plurimum
338 3375 452 3452 coeptis
469 3377 651 3437 contulerunt
665 3380 799 3438 iactatum
821 3378 971 3456 exemplar
992 3377 1103 3454 epistu-

101 3447 147 3509 lae
161 3468 245 3509 verno
273 3456 328 3509 iva
344 3456 431 3502 ‘abac
461 3457 583 3502 '‘func'‘
602 3458 723 3520 Othonis
743 3467 777 3514 nd
799 3461 1026 3541 Vespasianum,
1050 3479 1102 3520 ex·
