2286 3944
150 180 216 244 162
253 191 285 243 c.
297 189 449 240 steron
464 189 594 248 rasso.
608 190 657 235 nu
670 189 754 236 vura
770 188 955 237 cassanum
973 191 1045 237 nm.
1057 191 1091 239 u.

148 347 217 424 quin
233 344 269 403 de
293 343 513 402 condicionibus
526 345 663 401 continuo
679 351 832 417 tractaret,
854 345 939 402 etiam
955 343 994 401 de
1006 343 1137 404 Paetinae

148 446 233 507 quam
248 427 317 486 olim
339 435 499 501 exegerat,
524 426 619 503 deque
632 425 741 485 Lolliae
762 425 914 500 Paulinae,
935 444 1012 504 quae
1028 426 1062 486 C.
1082 427 1134 486 Cae

148 513 207 570 sari
227 520 317 588 nupta
337 511 440 568 iuerat.
466 511 575 568 l'erum
594 508 751 567 inlecebris
771 509 972 586 Agrippinae,
989 510 1136 570 Germanic

147 596 247 654 fratris
270 596 315 652 sni
336 593 431 668 filiae,
454 611 509 670 per
526 595 570 650 ius
591 592 684 651 osculi
702 601 731 650 et
750 591 950 652 blanditiarum
977 596 1139 653 occasione

149 678 295 756 pellectus
311 679 340 735 in
356 693 499 750 amorem,
522 675 690 734 subornavit
706 677 841 752 proximo
857 685 958 734 senatu
978 679 1027 754 qni
1051 696 1141 736 cense-

148 771 229 836 rent,
246 760 409 837 cogendum
424 779 458 818 se
473 759 510 819 ad
528 757 688 819 ducendum
708 775 772 817 eam
791 776 927 836 uxorem,
951 761 1035 837 quasi
1058 763 1100 820 rei
1118 779 1140 838 p.

148 846 272 904 maxime
284 848 449 918 interesset,
461 843 639 920 dandamque
648 843 755 900 ceteris
767 845 880 901 reniam
892 842 992 901 talium
1000 845 1140 921 coniugio·

148 948 226 999 rum,
240 947 313 1006 quae
327 927 363 986 ad
377 927 406 985 id
417 936 531 1005 tenpus
543 928 654 985 incesta
667 924 856 984 habebantur.
872 925 918 984 Ac
929 927 981 985 vix
994 945 1052 986 uno
1064 930 1139 986 inter·

150 1013 247 1092 posito
276 1011 322 1069 die
349 1011 478 1069 coniecit
503 1011 632 1087 nuptias;
655 1026 713 1068 non
736 1012 864 1086 repertis
886 1011 934 1087 qui
957 1020 1140 1087 sequerentur

150 1095 330 1172 exemplum,
345 1102 472 1171 excepto
488 1093 622 1152 libertino
645 1091 783 1170 quodam,
806 1101 836 1150 et
854 1092 947 1152 altero
968 1094 1137 1172 primipilari,

150 1181 231 1238 cuius
253 1179 414 1255 nuptiarum
434 1176 560 1234 cilicium
575 1184 605 1233 et
627 1179 692 1254 ipse
714 1194 777 1234 cum
792 1175 955 1254 Agrippina
978 1177 1137 1236 celebrauit.

107 1263 271 1322 miseros
293 1278 330 1317 ex
351 1259 442 1317 tribus
463 1260 602 1318 uxoribus
618 1260 695 1318 tulit:
721 1278 760 1318 ex
774 1259 957 1335 Urgulanilla
980 1260 1102 1319 Drusum
1116 1267 1138 1316 et

150 1344 312 1412 Claudiam,
335 1360 372 1400 ex
393 1341 511 1401 Paetina
531 1342 703 1419 Antoniam,
725 1361 763 1401 ex
780 1342 936 1402 llessalina
952 1343 1100 1404 Octaviam
1115 1351 1137 1400 et

149 1445 233 1505 quem
260 1426 352 1503 primo
374 1425 588 1501 Germanicum,
615 1443 683 1485 mox
704 1425 896 1486 Britannicum
921 1430 1135 1504 cognominavit.

146 1510 269 1569 Drusum
280 1508 417 1587 Pompeis
429 1509 607 1586 impuberem
619 1511 721 1584 amisit,
733 1511 798 1588 piro
814 1529 868 1588 per
880 1510 973 1570 lusum
984 1513 1013 1570 in
1026 1511 1136 1571 sublime

147 1595 252 1653 iactato
264 1601 293 1650 et
304 1591 380 1650 biatu
393 1595 453 1651 oris
463 1602 590 1672 excepto
603 1592 826 1669 strangulatum,
839 1611 902 1652 cum
914 1595 941 1653 ei
953 1604 1019 1654 ante
1035 1612 1135 1672 pancos

148 1677 210 1736 dies
227 1675 312 1734 liliam
328 1677 424 1735 Seiani
438 1676 651 1754 despondisset.
679 1676 743 1751 Quo
758 1679 850 1753 magis
866 1680 955 1737 miror
969 1678 1076 1755 inisse,
1097 1677 1135 1756 qui

148 1759 293 1819 traderent
309 1759 409 1818 lraude
424 1779 441 1821 a
461 1761 568 1821 Seiano
582 1768 723 1820 necatum.
751 1759 898 1820 Claudiam
914 1779 952 1820 ex
968 1761 1074 1822 liberto
1091 1777 1134 1820 suo

147 1843 255 1902 Potere
283 1852 468 1922 conceptam,
498 1846 626 1921 quamvis
647 1853 713 1903 aute
734 1846 861 1922 quintum
881 1863 1009 1904 mensem
1030 1845 1134 1905 divortii

147 1936 241 1987 natam
256 1927 353 2005 alique
368 1936 517 2007 coeptam,
534 1929 642 2006 exponi
656 1936 751 1986 tamen
766 1927 802 1986 ad
815 1930 914 1988 matris
925 1930 1037 1988 ianuam
1053 1940 1082 1988 et
1095 1947 1135 1987 nu-

148 2011 212 2070 dam
237 2012 319 2070 iussit
338 2011 423 2071 abici.
465 2011 620 2072 Antoniam
641 2010 701 2070 GN.
725 2011 866 2090 Pompeio
887 2011 1009 2089 blaguo,
1042 2011 1135 2071 deinde

147 2094 255 2154 Fausto
271 2096 386 2171 Sullae,
410 2095 597 2156 nobilissimis
610 2093 774 2172 iuvenibus,
798 2094 946 2155 Octaviam
958 2095 1069 2155 Neroni
1087 2097 1134 2174 pri·

147 2180 236 2254 signo
256 2197 308 2239 suo
325 2180 498 2252 collocavit,
521 2180 619 2239 Silano
642 2187 707 2237 aute
727 2178 911 2257 desponsam.
940 2179 1135 2253 Britannicum,

147 2263 287 2321 vicesimo
300 2265 412 2341 imperii
426 2263 472 2322 die
485 2265 571 2341 inque
587 2262 715 2321 secundo
728 2263 878 2322 consulatu
889 2272 984 2322 natum
996 2263 1062 2340 sibi,
1078 2282 1135 2342 par·

147 2345 243 2402 valum
259 2349 344 2404 etiarn
360 2355 428 2422 tum,
443 2356 473 2406 et
485 2347 567 2405 militi
583 2363 637 2424 pro
654 2347 789 2406 contione
803 2345 933 2406 manibus
948 2349 1008 2406 suis
1022 2356 1136 2424 gestans

148 2435 176 2485 ct
192 2426 271 2502 plebi
292 2446 346 2504 per
369 2430 538 2506 spectacula
555 2431 667 2506 gremio
685 2439 732 2489 aut
753 2438 819 2488 ante
833 2448 866 2489 se
882 2431 1010 2490 retinens
1028 2431 1135 2490 assidue

147 2509 366 2570 commendabat
389 2512 548 2590 faustisque
570 2512 712 2572 ominibus
739 2531 802 2572 cum
823 2513 1041 2573 adclamantium
1060 2513 1136 2573 turba

146 2593 386 2671 prosequebatur.
420 2593 445 2654 Ε
470 2596 589 2672 generis
608 2595 756 2657 Neronem
780 2596 945 2675 adoptavit,
974 2597 1135 2676 Pompeium

146 2684 231 2754 atque
246 2676 372 2736 Silanum
390 2695 447 2737 non
461 2681 607 2739 recusavit
621 2680 726 2758 modo,
740 2681 793 2740 sed
807 2689 836 2738 et
850 2683 1003 2740 interemit.

103 2768 139 2822 28
208 2758 387 2820 Libertorum
403 2763 560 2842 praecipue
578 2766 709 2842 suspexit
721 2763 846 2824 Posiden
861 2764 1037 2842 spadonem,
1057 2782 1135 2843 quem

146 2846 230 2903 etiam
250 2843 413 2905 Britannico
441 2847 583 2925 triumpho
612 2849 686 2906 inter
706 2847 844 2907 militares
870 2848 948 2906 viros
967 2847 1050 2909 hasta
1070 2866 1135 2926 pura

146 2927 277 2998 donavit;
294 2947 348 2988 nec
362 2930 455 2990 minus
469 2929 614 3008 Felicem,
632 2949 715 3008 quem
731 2929 899 2991 cohortibus
913 2940 942 2990 et
956 2931 1009 2991 alis
1023 2934 1134 3010 provin-

147 3012 267 3090 ciaeque
290 3012 415 3074 Iudaeae
436 3015 620 3093 praeposuit,
650 3017 732 3074 trium
753 3015 915 3091 reginarum
938 3017 1068 3075 maritum
1076 3040 1083 3084 ;
1112 3022 1135 3074 et

145 3094 345 3174 Harpocran„
360 3099 405 3156 cui
431 3097 535 3158 lectica
558 3115 611 3176 per
637 3098 736 3159 urbem
765 3097 888 3157 vehendi
914 3100 1134 3178 spectaculaque

146 3177 262 3254 publice
279 3179 382 3240 edendi
396 3183 440 3240 ius
455 3180 567 3250 tribuit;
582 3199 618 3240 ac
633 3199 721 3261 super
738 3183 793 3242 hos
808 3180 957 3257 Polybium
973 3181 1008 3241 ab
1027 3183 1134 3258 studiis,

146 3262 192 3334 qui
219 3281 309 3340 saepe
336 3266 410 3324 inter
433 3265 505 3324 duos
528 3265 664 3324 consules
685 3263 861 3334 ambulabat;
887 3266 1024 3325 sedante
1047 3269 1135 3327 omnis

143 3337 311 3405 Narcissum
331 3347 366 3407 ab
389 3349 534 3426 epistulis,
559 3358 587 3408 et
601 3348 758 3409 Pallantem
775 3366 790 3408 a
806 3349 979 3426 rationibus,
1001 3368 1075 3428 quos
1091 3351 1134 3410 de-

144 3431 226 3484 creto
244 3445 358 3507 qnoque
375 3441 491 3490 senatus
506 3447 564 3490 non
579 3433 715 3510 praemiis
734 3429 820 3490 modo
837 3433 1018 3511 ingentibus,
1041 3435 1094 3494 sed
1110 3441 1135 3494 et
