<?xml version="1.0" encoding="UTF-8"?>
<!DOCTYPE html PUBLIC "-//W3C//DTD XHTML 1.0 Transitional//EN"
    "http://www.w3.org/TR/xhtml1/DTD/xhtml1-transitional.dtd">
<html xmlns="http://www.w3.org/1999/xhtml" xml:lang="en" lang="en">
 <head>
  <title>
</title>
<meta http-equiv="Content-Type" content="text/html;charset=utf-8" />
  <meta name='ocr-system' content='tesseract 3.04.00' />
  <meta name='ocr-capabilities' content='ocr_page ocr_carea ocr_par ocr_line ocrx_word'/>
</head>
<body>
  <div class='ocr_page' id='page_1' title='image "./csuetonitranqui01suetgoog_0123.png"; bbox 0 0 2286 3944; ppageno 0'>
   <div class='ocr_carea' id='block_1_1' title="bbox 100 178 1045 279">
    <p class='ocr_par' dir='ltr' id='par_1_1' title="bbox 100 178 1045 279">
     <span class='ocr_line' id='line_1_1' title="bbox 100 178 1045 279; baseline -0.007 -3"><span class='ocrx_word' id='word_1_1' title='bbox 100 178 103 183; x_wconf 22' lang='grc' dir='ltr'>Ι</span> <span class='ocrx_word' id='word_1_2' title='bbox 128 215 163 276; x_wconf 82' lang='lat' dir='ltr'><strong>to</strong></span> <span class='ocrx_word' id='word_1_3' title='bbox 215 224 244 272; x_wconf 90' lang='lat' dir='ltr'><strong>c.</strong></span> <span class='ocrx_word' id='word_1_4' title='bbox 264 220 415 270; x_wconf 81' lang='lat' dir='ltr'><strong>sunrour</strong></span> <span class='ocrx_word' id='word_1_5' title='bbox 431 219 558 279; x_wconf 76' lang='lat' dir='ltr'><strong>renuo.</strong></span> <span class='ocrx_word' id='word_1_6' title='bbox 574 220 621 266; x_wconf 81' lang='lat' dir='ltr'><strong>nn</strong></span> <span class='ocrx_word' id='word_1_7' title='bbox 636 221 719 266; x_wconf 69' lang='lat' dir='ltr'><strong>vrrs</strong></span> <span class='ocrx_word' id='word_1_8' title='bbox 735 219 920 268; x_wconf 75' lang='lat' dir='ltr'><strong>cassanum</strong></span> <span class='ocrx_word' id='word_1_9' title='bbox 934 222 1005 269; x_wconf 82' lang='lat' dir='ltr'><strong>nm.</strong></span> <span class='ocrx_word' id='word_1_10' title='bbox 1021 222 1045 270; x_wconf 90' lang='lat'><strong>1.</strong></span> 
     </span>
    </p>
   </div>
   <div class='ocr_carea' id='block_1_2' title="bbox 14 373 1143 3551">
    <p class='ocr_par' dir='ltr' id='par_1_2' title="bbox 14 373 1143 3551">
     <span class='ocr_line' id='line_1_2' title="bbox 125 373 1129 460; baseline -0.006 -18"><span class='ocrx_word' id='word_1_11' title='bbox 125 381 262 460; x_wconf 88' lang='lat' dir='ltr'><strong>Campum</strong></span> <span class='ocrx_word' id='word_1_12' title='bbox 278 376 444 453; x_wconf 76' lang='lat' dir='ltr'><strong>Stellatem,</strong></span> <span class='ocrx_word' id='word_1_13' title='bbox 466 373 622 435; x_wconf 92' lang='lat' dir='ltr'><strong>maioribus</strong></span> <span class='ocrx_word' id='word_1_14' title='bbox 638 381 854 451; x_wconf 86' lang='lat' dir='ltr'><strong>consecratum,</strong></span> <span class='ocrx_word' id='word_1_15' title='bbox 871 391 1031 453; x_wconf 80' lang='lat' dir='ltr'>agrumque</span> <span class='ocrx_word' id='word_1_16' title='bbox 1048 375 1129 436; x_wconf 87' lang='lat' dir='ltr'><strong>Cam-</strong></span> 
     </span>
     <span class='ocr_line' id='line_1_3' title="bbox 124 457 1130 546; baseline -0.004 -22"><span class='ocrx_word' id='word_1_17' title='bbox 124 483 244 546; x_wconf 89' lang='lat' dir='ltr'><strong>panum,</strong></span> <span class='ocrx_word' id='word_1_18' title='bbox 267 461 303 520; x_wconf 87' lang='lat' dir='ltr'><strong>ad</strong></span> <span class='ocrx_word' id='word_1_19' title='bbox 318 458 446 520; x_wconf 89' lang='lat' dir='ltr'><strong>subsidia</strong></span> <span class='ocrx_word' id='word_1_20' title='bbox 461 461 505 518; x_wconf 90' lang='lat' dir='ltr'><strong>rei</strong></span> <span class='ocrx_word' id='word_1_21' title='bbox 520 458 655 538; x_wconf 87' lang='lat' dir='ltr'><strong>publicae</strong></span> <span class='ocrx_word' id='word_1_22' title='bbox 671 457 845 534; x_wconf 83' lang='lat' dir='ltr'><strong>vectigalem</strong></span> <span class='ocrx_word' id='word_1_23' title='bbox 861 458 1012 536; x_wconf 89' lang='lat' dir='ltr'><strong>relictum,</strong></span> <span class='ocrx_word' id='word_1_24' title='bbox 1035 459 1130 520; x_wconf 87' lang='lat' dir='ltr'><strong>divisit</strong></span> 
     </span>
     <span class='ocr_line' id='line_1_4' title="bbox 125 541 1129 622; baseline -0.006 -12"><span class='ocrx_word' id='word_1_25' title='bbox 125 557 207 610; x_wconf 86' lang='lat' dir='ltr'><strong>extra</strong></span> <span class='ocrx_word' id='word_1_26' title='bbox 223 554 332 606; x_wconf 81' lang='lat' dir='ltr'><strong>sortem</strong></span> <span class='ocrx_word' id='word_1_27' title='bbox 348 543 384 603; x_wconf 92' lang='lat' dir='ltr'><strong>ad</strong></span> <span class='ocrx_word' id='word_1_28' title='bbox 398 543 499 619; x_wconf 80' lang='lat' dir='ltr'><strong>viginti</strong></span> <span class='ocrx_word' id='word_1_29' title='bbox 515 543 628 601; x_wconf 92' lang='lat' dir='ltr'><strong>milibus</strong></span> <span class='ocrx_word' id='word_1_30' title='bbox 645 541 762 618; x_wconf 91' lang='lat' dir='ltr'><strong>civium,</strong></span> <span class='ocrx_word' id='word_1_31' title='bbox 779 541 883 619; x_wconf 89' lang='lat' dir='ltr'><strong>quibus</strong></span> <span class='ocrx_word' id='word_1_32' title='bbox 897 545 973 602; x_wconf 89' lang='lat' dir='ltr'><strong>terni</strong></span> <span class='ocrx_word' id='word_1_33' title='bbox 990 543 1129 622; x_wconf 89' lang='lat' dir='ltr'><strong>pluresve</strong></span> 
     </span>
     <span class='ocr_line' id='line_1_5' title="bbox 124 625 1128 727; baseline -0.006 -34"><span class='ocrx_word' id='word_1_34' title='bbox 124 632 209 694; x_wconf 94' lang='lat' dir='ltr'><strong>liberi</strong></span> <span class='ocrx_word' id='word_1_35' title='bbox 232 636 373 727; x_wconf 47' lang='lat' dir='ltr'><strong>essent!</strong></span> <span class='ocrx_word' id='word_1_36' title='bbox 384 625 558 686; x_wconf 81' lang='lat' dir='ltr'><strong>Publicanos</strong></span> <span class='ocrx_word' id='word_1_37' title='bbox 579 625 778 685; x_wconf 83' lang='lat' dir='ltr'>remissionem</span> <span class='ocrx_word' id='word_1_38' title='bbox 802 628 928 704; x_wconf 90' lang='lat' dir='ltr'><strong>petentis</strong></span> <span class='ocrx_word' id='word_1_39' title='bbox 948 630 1034 688; x_wconf 86' lang='lat' dir='ltr'><strong>tertia</strong></span> <span class='ocrx_word' id='word_1_40' title='bbox 1057 647 1128 688; x_wconf 92' lang='lat' dir='ltr'><strong>mer·</strong></span> 
     </span>
     <span class='ocr_line' id='line_1_6' title="bbox 125 709 1128 793; baseline -0.006 -16"><span class='ocrx_word' id='word_1_41' title='bbox 125 717 226 777; x_wconf 92' lang='lat' dir='ltr'><strong>cedum</strong></span> <span class='ocrx_word' id='word_1_42' title='bbox 250 721 333 793; x_wconf 88' lang='lat' dir='ltr'><strong>parte</strong></span> <span class='ocrx_word' id='word_1_43' title='bbox 355 711 513 787; x_wconf 89' lang='lat' dir='ltr'><strong>relevavit,</strong></span> <span class='ocrx_word' id='word_1_44' title='bbox 535 729 585 786; x_wconf 92' lang='lat' dir='ltr'><strong>ac,</strong></span> <span class='ocrx_word' id='word_1_45' title='bbox 608 728 644 768; x_wconf 95' lang='lat' dir='ltr'><strong>ne</strong></span> <span class='ocrx_word' id='word_1_46' title='bbox 664 710 693 767; x_wconf 93' lang='lat' dir='ltr'><strong>in</strong></span> <span class='ocrx_word' id='word_1_47' title='bbox 712 709 860 768; x_wconf 88' lang='lat' dir='ltr'><strong>locatione</strong></span> <span class='ocrx_word' id='word_1_48' title='bbox 879 727 1022 770; x_wconf 90' lang='lat' dir='ltr'><strong>novorum</strong></span> <span class='ocrx_word' id='word_1_49' title='bbox 1038 714 1128 771; x_wconf 81' lang='lat' dir='ltr'><strong>vecti·</strong></span> 
     </span>
     <span class='ocr_line' id='line_1_7' title="bbox 124 792 1129 879; baseline -0.005 -18"><span class='ocrx_word' id='word_1_50' title='bbox 124 801 232 879; x_wconf 82' lang='lat' dir='ltr'><strong>galium</strong></span> <span class='ocrx_word' id='word_1_51' title='bbox 255 794 462 856; x_wconf 82' lang='lat' dir='ltr'><strong>inmoderatius</strong></span> <span class='ocrx_word' id='word_1_52' title='bbox 483 795 653 869; x_wconf 88' lang='lat' dir='ltr'><strong>licerentur,</strong></span> <span class='ocrx_word' id='word_1_53' title='bbox 682 792 834 871; x_wconf 78' lang='lat' dir='ltr'><strong>propalam</strong></span> <span class='ocrx_word' id='word_1_54' title='bbox 857 796 976 853; x_wconf 90' lang='lat' dir='ltr'><strong>monuit.</strong></span> <span class='ocrx_word' id='word_1_55' title='bbox 1022 793 1129 856; x_wconf 78' lang='lat' dir='ltr'><strong>Cetera</strong></span> 
     </span>
     <span class='ocr_line' id='line_1_8' title="bbox 124 876 1130 961; baseline -0.006 -16"><span class='ocrx_word' id='word_1_56' title='bbox 124 886 210 960; x_wconf 92' lang='lat' dir='ltr'><strong>item,</strong></span> <span class='ocrx_word' id='word_1_57' title='bbox 233 897 308 961; x_wconf 89' lang='lat' dir='ltr'><strong>quae</strong></span> <span class='ocrx_word' id='word_1_58' title='bbox 335 880 439 957; x_wconf 90' lang='lat' dir='ltr'><strong>cuique</strong></span> <span class='ocrx_word' id='word_1_59' title='bbox 461 878 628 953; x_wconf 75' lang='lat' dir='ltr'><strong>libuissent,</strong></span> <span class='ocrx_word' id='word_1_60' title='bbox 652 876 802 953; x_wconf 81' lang='lat' dir='ltr'><strong>dilargitus</strong></span> <span class='ocrx_word' id='word_1_61' title='bbox 823 884 884 954; x_wconf 90' lang='lat' dir='ltr'><strong>est,</strong></span> <span class='ocrx_word' id='word_1_62' title='bbox 909 879 1130 939; x_wconf 78' lang='lat' dir='ltr'><strong>contradicente</strong></span> 
     </span>
     <span class='ocr_line' id='line_1_9' title="bbox 125 959 1129 1043; baseline -0.008 -13"><span class='ocrx_word' id='word_1_63' title='bbox 125 969 220 1043; x_wconf 91' lang='lat' dir='ltr'><strong>nullo,</strong></span> <span class='ocrx_word' id='word_1_64' title='bbox 243 984 293 1040; x_wconf 89' lang='lat' dir='ltr'><strong>ac,</strong></span> <span class='ocrx_word' id='word_1_65' title='bbox 316 964 340 1022; x_wconf 92' lang='lat' dir='ltr'><strong>si</strong></span> <span class='ocrx_word' id='word_1_66' title='bbox 357 971 510 1022; x_wconf 78' lang='lat' dir='ltr'><strong>conaretur</strong></span> <span class='ocrx_word' id='word_1_67' title='bbox 531 962 610 1039; x_wconf 90' lang='lat' dir='ltr'><strong>quis,</strong></span> <span class='ocrx_word' id='word_1_68' title='bbox 633 959 798 1019; x_wconf 88' lang='lat' dir='ltr'><strong>absterrito.</strong></span> <span class='ocrx_word' id='word_1_69' title='bbox 842 960 971 1020; x_wconf 84' lang='lat' dir='ltr'><strong>blancum</strong></span> <span class='ocrx_word' id='word_1_70' title='bbox 988 960 1129 1023; x_wconf 90' lang='lat' dir='ltr'><strong>Catonem</strong></span> 
     </span>
     <span class='ocr_line' id='line_1_10' title="bbox 125 1043 1129 1130; baseline -0.008 -17"><span class='ocrx_word' id='word_1_71' title='bbox 125 1049 359 1130; x_wconf 89' lang='lat' dir='ltr'><strong>interpellantem</strong></span> <span class='ocrx_word' id='word_1_72' title='bbox 379 1045 491 1105; x_wconf 83' lang='lat' dir='ltr'><strong>extrahi</strong></span> <span class='ocrx_word' id='word_1_73' title='bbox 511 1046 588 1104; x_wconf 92' lang='lat' dir='ltr'><strong>curia</strong></span> <span class='ocrx_word' id='word_1_74' title='bbox 607 1062 660 1121; x_wconf 93' lang='lat' dir='ltr'><strong>per</strong></span> <span class='ocrx_word' id='word_1_75' title='bbox 678 1044 810 1103; x_wconf 88' lang='lat' dir='ltr'><strong>lictorem</strong></span> <span class='ocrx_word' id='word_1_76' title='bbox 832 1043 955 1123; x_wconf 92' lang='lat' dir='ltr'><strong>ducique</strong></span> <span class='ocrx_word' id='word_1_77' title='bbox 978 1046 1007 1104; x_wconf 93' lang='lat' dir='ltr'><strong>in</strong></span> <span class='ocrx_word' id='word_1_78' title='bbox 1030 1064 1129 1106; x_wconf 88' lang='lat' dir='ltr'><strong>carce·</strong></span> 
     </span>
     <span class='ocr_line' id='line_1_11' title="bbox 126 1127 1128 1198; baseline -0.009 0"><span class='ocrx_word' id='word_1_79' title='bbox 126 1155 187 1198; x_wconf 82' lang='lat' dir='ltr'><strong>rem</strong></span> <span class='ocrx_word' id='word_1_80' title='bbox 206 1132 296 1192; x_wconf 91' lang='lat' dir='ltr'><strong>iussit.</strong></span> <span class='ocrx_word' id='word_1_81' title='bbox 339 1129 428 1188; x_wconf 91' lang='lat' dir='ltr'><strong>Lucio</strong></span> <span class='ocrx_word' id='word_1_82' title='bbox 447 1128 566 1187; x_wconf 87' lang='lat' dir='ltr'><strong>Lucullo</strong></span> <span class='ocrx_word' id='word_1_83' title='bbox 585 1127 704 1186; x_wconf 90' lang='lat' dir='ltr'><strong>liberius</strong></span> <span class='ocrx_word' id='word_1_84' title='bbox 724 1127 872 1186; x_wconf 87' lang='lat' dir='ltr'><strong>resistenti</strong></span> <span class='ocrx_word' id='word_1_85' title='bbox 894 1137 1002 1188; x_wconf 86' lang='lat' dir='ltr'><strong>tantum</strong></span> <span class='ocrx_word' id='word_1_86' title='bbox 1024 1129 1128 1189; x_wconf 88' lang='lat' dir='ltr'><strong>calum·</strong></span> 
     </span>
     <span class='ocr_line' id='line_1_12' title="bbox 125 1209 1129 1289; baseline -0.009 -8"><span class='ocrx_word' id='word_1_87' title='bbox 125 1221 233 1281; x_wconf 91' lang='lat' dir='ltr'><strong>niarum</strong></span> <span class='ocrx_word' id='word_1_88' title='bbox 248 1222 354 1274; x_wconf 88' lang='lat' dir='ltr'><strong>metum</strong></span> <span class='ocrx_word' id='word_1_89' title='bbox 370 1212 482 1289; x_wconf 91' lang='lat' dir='ltr'><strong>iniecit,</strong></span> <span class='ocrx_word' id='word_1_90' title='bbox 503 1219 534 1270; x_wconf 88' lang='lat' dir='ltr'><strong>ut</strong></span> <span class='ocrx_word' id='word_1_91' title='bbox 557 1211 592 1270; x_wconf 91' lang='lat' dir='ltr'><strong>ad</strong></span> <span class='ocrx_word' id='word_1_92' title='bbox 606 1229 701 1288; x_wconf 78' lang='lat' dir='ltr'><strong>genua</strong></span> <span class='ocrx_word' id='word_1_93' title='bbox 723 1210 798 1270; x_wconf 89' lang='lat' dir='ltr'><strong>ultro</strong></span> <span class='ocrx_word' id='word_1_94' title='bbox 818 1209 873 1270; x_wconf 91' lang='lat' dir='ltr'><strong>sibi</strong></span> <span class='ocrx_word' id='word_1_95' title='bbox 893 1211 1053 1273; x_wconf 85' lang='lat' dir='ltr'><strong>accideret.</strong></span> <span class='ocrx_word' id='word_1_96' title='bbox 1084 1212 1129 1274; x_wconf 90' lang='lat' dir='ltr'><strong>Ci-</strong></span> 
     </span>
     <span class='ocr_line' id='line_1_13' title="bbox 127 1295 1130 1375; baseline -0.007 -12"><span class='ocrx_word' id='word_1_97' title='bbox 127 1319 234 1364; x_wconf 88' lang='lat' dir='ltr'><strong>cerone</strong></span> <span class='ocrx_word' id='word_1_98' title='bbox 254 1300 284 1357; x_wconf 90' lang='lat' dir='ltr'><strong>in</strong></span> <span class='ocrx_word' id='word_1_99' title='bbox 298 1295 404 1357; x_wconf 91' lang='lat' dir='ltr'><strong>iudicio</strong></span> <span class='ocrx_word' id='word_1_100' title='bbox 427 1295 549 1374; x_wconf 92' lang='lat' dir='ltr'><strong>quodam</strong></span> <span class='ocrx_word' id='word_1_101' title='bbox 565 1295 737 1373; x_wconf 90' lang='lat' dir='ltr'><strong>deplorante</strong></span> <span class='ocrx_word' id='word_1_102' title='bbox 757 1304 918 1374; x_wconf 87' lang='lat' dir='ltr'><strong>temporum</strong></span> <span class='ocrx_word' id='word_1_103' title='bbox 938 1307 1058 1375; x_wconf 91' lang='lat' dir='ltr'><strong>statum,</strong></span> <span class='ocrx_word' id='word_1_104' title='bbox 1077 1297 1130 1357; x_wconf 83' lang='lat' dir='ltr'><strong>l’u-</strong></span> 
     </span>
     <span class='ocr_line' id='line_1_14' title="bbox 125 1379 1130 1460; baseline -0.005 -15"><span class='ocrx_word' id='word_1_105' title='bbox 125 1386 214 1446; x_wconf 94' lang='lat' dir='ltr'><strong>blium</strong></span> <span class='ocrx_word' id='word_1_106' title='bbox 232 1379 362 1442; x_wconf 91' lang='lat' dir='ltr'><strong>Clodium</strong></span> <span class='ocrx_word' id='word_1_107' title='bbox 379 1379 522 1440; x_wconf 89' lang='lat' dir='ltr'><strong>inimicum</strong></span> <span class='ocrx_word' id='word_1_108' title='bbox 538 1381 617 1456; x_wconf 90' lang='lat' dir='ltr'><strong>eius,</strong></span> <span class='ocrx_word' id='word_1_109' title='bbox 638 1380 744 1438; x_wconf 89' lang='lat' dir='ltr'><strong>lrustra</strong></span> <span class='ocrx_word' id='word_1_110' title='bbox 760 1381 814 1439; x_wconf 93' lang='lat' dir='ltr'><strong>iam</strong></span> <span class='ocrx_word' id='word_1_111' title='bbox 831 1379 942 1456; x_wconf 93' lang='lat' dir='ltr'><strong>pridem</strong></span> <span class='ocrx_word' id='word_1_112' title='bbox 966 1399 982 1441; x_wconf 92' lang='lat' dir='ltr'><strong>a</strong></span> <span class='ocrx_word' id='word_1_113' title='bbox 998 1381 1130 1460; x_wconf 90' lang='lat' dir='ltr'><strong>patribus</strong></span> 
     </span>
     <span class='ocr_line' id='line_1_15' title="bbox 126 1461 1129 1545; baseline -0.004 -16"><span class='ocrx_word' id='word_1_114' title='bbox 126 1469 162 1529; x_wconf 93' lang='lat' dir='ltr'><strong>ad</strong></span> <span class='ocrx_word' id='word_1_115' title='bbox 177 1464 293 1545; x_wconf 90' lang='lat' dir='ltr'><strong>plebem</strong></span> <span class='ocrx_word' id='word_1_116' title='bbox 308 1463 431 1522; x_wconf 90' lang='lat' dir='ltr'><strong>transire</strong></span> <span class='ocrx_word' id='word_1_117' title='bbox 447 1464 598 1540; x_wconf 82' lang='lat' dir='ltr'><strong>nitentem,</strong></span> <span class='ocrx_word' id='word_1_118' title='bbox 617 1463 719 1522; x_wconf 92' lang='lat' dir='ltr'><strong>eodem</strong></span> <span class='ocrx_word' id='word_1_119' title='bbox 735 1461 782 1521; x_wconf 88' lang='lat' dir='ltr'><strong>die</strong></span> <span class='ocrx_word' id='word_1_120' title='bbox 796 1462 928 1542; x_wconf 87' lang='lat' dir='ltr'><strong>horaque</strong></span> <span class='ocrx_word' id='word_1_121' title='bbox 944 1481 1021 1525; x_wconf 92' lang='lat' dir='ltr'><strong>nona</strong></span> <span class='ocrx_word' id='word_1_122' title='bbox 1037 1475 1129 1526; x_wconf 87' lang='lat' dir='ltr'><strong>trans·</strong></span> 
     </span>
     <span class='ocr_line' id='line_1_16' title="bbox 127 1546 1129 1612; baseline -0.003 -1"><span class='ocrx_word' id='word_1_123' title='bbox 127 1552 214 1612; x_wconf 84' lang='lat' dir='ltr'><strong>duxit.</strong></span> <span class='ocrx_word' id='word_1_124' title='bbox 259 1547 409 1608; x_wconf 89' lang='lat' dir='ltr'><strong>Postremo</strong></span> <span class='ocrx_word' id='word_1_125' title='bbox 430 1547 459 1605; x_wconf 96' lang='lat' dir='ltr'><strong>in</strong></span> <span class='ocrx_word' id='word_1_126' title='bbox 479 1548 630 1606; x_wconf 88' lang='lat' dir='ltr'><strong>universos</strong></span> <span class='ocrx_word' id='word_1_127' title='bbox 653 1546 787 1605; x_wconf 88' lang='lat' dir='ltr'><strong>diversae</strong></span> <span class='ocrx_word' id='word_1_128' title='bbox 809 1546 945 1607; x_wconf 81' lang='lat' dir='ltr'><strong>factionis</strong></span> <span class='ocrx_word' id='word_1_129' title='bbox 960 1548 1034 1586; x_wconf 70' lang='lat'><strong>*⁴³*</strong></span> <span class='ocrx_word' id='word_1_130' title='bbox 1051 1548 1129 1608; x_wconf 92' lang='lat' dir='ltr'><strong>indu·</strong></span> 
     </span>
     <span class='ocr_line' id='line_1_17' title="bbox 128 1629 1129 1711; baseline -0.003 -16"><span class='ocrx_word' id='word_1_131' title='bbox 128 1644 202 1696; x_wconf 91' lang='lat' dir='ltr'><strong>ctum</strong></span> <span class='ocrx_word' id='word_1_132' title='bbox 224 1631 372 1711; x_wconf 91' lang='lat' dir='ltr'><strong>praemiis,</strong></span> <span class='ocrx_word' id='word_1_133' title='bbox 399 1639 429 1689; x_wconf 95' lang='lat' dir='ltr'><strong>ut</strong></span> <span class='ocrx_word' id='word_1_134' title='bbox 450 1649 482 1689; x_wconf 91' lang='lat' dir='ltr'><strong>se</strong></span> <span class='ocrx_word' id='word_1_135' title='bbox 503 1631 538 1689; x_wconf 90' lang='lat' dir='ltr'><strong>de</strong></span> <span class='ocrx_word' id='word_1_136' title='bbox 560 1629 710 1689; x_wconf 80' lang='lat' dir='ltr'><strong>inferenda</strong></span> <span class='ocrx_word' id='word_1_137' title='bbox 730 1629 870 1708; x_wconf 91' lang='lat' dir='ltr'><strong>Pompeio</strong></span> <span class='ocrx_word' id='word_1_138' title='bbox 892 1649 966 1691; x_wconf 86' lang='lat' dir='ltr'><strong>nece</strong></span> <span class='ocrx_word' id='word_1_139' title='bbox 988 1631 1129 1692; x_wconf 90' lang='lat' dir='ltr'><strong>sollicita·</strong></span> 
     </span>
     <span class='ocr_line' id='line_1_18' title="bbox 126 1712 1128 1794; baseline -0.003 -16"><span class='ocrx_word' id='word_1_140' title='bbox 126 1728 184 1778; x_wconf 89' lang='lat' dir='ltr'><strong>tum</strong></span> <span class='ocrx_word' id='word_1_141' title='bbox 201 1735 216 1776; x_wconf 94' lang='lat' dir='ltr'><strong>a</strong></span> <span class='ocrx_word' id='word_1_142' title='bbox 233 1713 400 1794; x_wconf 90' lang='lat' dir='ltr'><strong>quibusdam</strong></span> <span class='ocrx_word' id='word_1_143' title='bbox 421 1715 623 1791; x_wconf 82' lang='lat' dir='ltr'><strong>profiteretur,</strong></span> <span class='ocrx_word' id='word_1_144' title='bbox 645 1712 860 1792; x_wconf 90' lang='lat' dir='ltr'><strong>productusque</strong></span> <span class='ocrx_word' id='word_1_145' title='bbox 883 1717 1061 1793; x_wconf 88' lang='lat' dir='ltr'><strong>prorostris</strong></span> <span class='ocrx_word' id='word_1_146' title='bbox 1082 1735 1128 1777; x_wconf 84' lang='lat' dir='ltr'><strong>au</strong></span> 
     </span>
     <span class='ocr_line' id='line_1_19' title="bbox 128 1797 1129 1876; baseline -0.003 -14"><span class='ocrx_word' id='word_1_147' title='bbox 128 1811 225 1862; x_wconf 90' lang='lat' dir='ltr'><strong>ctores</strong></span> <span class='ocrx_word' id='word_1_148' title='bbox 241 1818 278 1858; x_wconf 85' lang='lat' dir='ltr'><strong>ex</strong></span> <span class='ocrx_word' id='word_1_149' title='bbox 296 1805 440 1876; x_wconf 91' lang='lat' dir='ltr'><strong>conpacto</strong></span> <span class='ocrx_word' id='word_1_150' title='bbox 461 1799 634 1865; x_wconf 90' lang='lat' dir='ltr'><strong>nominaret;</strong></span> <span class='ocrx_word' id='word_1_151' title='bbox 658 1797 710 1856; x_wconf 90' lang='lat' dir='ltr'><strong>sed</strong></span> <span class='ocrx_word' id='word_1_152' title='bbox 729 1814 786 1856; x_wconf 92' lang='lat' dir='ltr'><strong>uno</strong></span> <span class='ocrx_word' id='word_1_153' title='bbox 808 1807 894 1875; x_wconf 93' lang='lat' dir='ltr'><strong>atque</strong></span> <span class='ocrx_word' id='word_1_154' title='bbox 910 1798 1003 1858; x_wconf 92' lang='lat' dir='ltr'><strong>altero</strong></span> <span class='ocrx_word' id='word_1_155' title='bbox 1021 1799 1129 1859; x_wconf 86' lang='lat' dir='ltr'><strong>frustra</strong></span> 
     </span>
     <span class='ocr_line' id='line_1_20' title="bbox 99 1880 1128 1961; baseline -0.003 -16"><span class='ocrx_word' id='word_1_156' title='bbox 99 1950 103 1956; x_wconf 61' lang='grc'><em>,</em></span> <span class='ocrx_word' id='word_1_157' title='bbox 127 1904 182 1945; x_wconf 90' lang='lat' dir='ltr'><strong>nec</strong></span> <span class='ocrx_word' id='word_1_158' title='bbox 204 1885 265 1944; x_wconf 92' lang='lat' dir='ltr'><strong>sine</strong></span> <span class='ocrx_word' id='word_1_159' title='bbox 288 1882 455 1959; x_wconf 89' lang='lat' dir='ltr'><strong>suspicione</strong></span> <span class='ocrx_word' id='word_1_160' title='bbox 477 1881 586 1941; x_wconf 85' lang='lat' dir='ltr'><strong>fraudis</strong></span> <span class='ocrx_word' id='word_1_161' title='bbox 603 1882 770 1959; x_wconf 80' lang='lat' dir='ltr'><strong>nominatis,</strong></span> <span class='ocrx_word' id='word_1_162' title='bbox 794 1880 953 1959; x_wconf 89' lang='lat' dir='ltr'><strong>desperans</strong></span> <span class='ocrx_word' id='word_1_163' title='bbox 970 1891 1029 1942; x_wconf 86' lang='lat' dir='ltr'><strong>tam</strong></span> <span class='ocrx_word' id='word_1_164' title='bbox 1045 1901 1128 1961; x_wconf 89' lang='lat' dir='ltr'><strong>prae·</strong></span> 
     </span>
     <span class='ocr_line' id='line_1_21' title="bbox 129 1965 1143 2048; baseline -0.002 -19"><span class='ocrx_word' id='word_1_165' title='bbox 129 1969 223 2048; x_wconf 92' lang='lat' dir='ltr'><strong>cipitis</strong></span> <span class='ocrx_word' id='word_1_166' title='bbox 240 1965 353 2026; x_wconf 90' lang='lat' dir='ltr'><strong>consilii</strong></span> <span class='ocrx_word' id='word_1_167' title='bbox 365 1973 508 2040; x_wconf 91' lang='lat' dir='ltr'><strong>eventum,</strong></span> <span class='ocrx_word' id='word_1_168' title='bbox 521 1965 713 2043; x_wconf 88' lang='lat' dir='ltr'><strong>intercepisse</strong></span> <span class='ocrx_word' id='word_1_169' title='bbox 727 1982 841 2024; x_wconf 88' lang='lat' dir='ltr'><strong>veneno</strong></span> <span class='ocrx_word' id='word_1_170' title='bbox 853 1965 976 2024; x_wconf 90' lang='lat' dir='ltr'><strong>indicem</strong></span> <span class='ocrx_word' id='word_1_171' title='bbox 991 1967 1128 2027; x_wconf 85' lang='lat' dir='ltr'><strong>creditur.</strong></span> <span class='ocrx_word' id='word_1_172' title='bbox 1142 1992 1143 1998; x_wconf 47' lang='lat'>¹</span> 
     </span>
     <span class='ocr_line' id='line_1_22' title="bbox 14 2046 1129 2128; baseline -0.008 -10"><span class='ocrx_word' id='word_1_173' title='bbox 14 2049 119 2118; x_wconf 55' lang='lat'><strong>2²51</strong></span> <span class='ocrx_word' id='word_1_174' title='bbox 171 2049 176 2058; x_wconf 77' lang='grc'><strong>’</strong></span> <span class='ocrx_word' id='word_1_175' title='bbox 192 2051 250 2113; x_wconf 87' lang='lat' dir='ltr'><strong>Sub</strong></span> <span class='ocrx_word' id='word_1_176' title='bbox 266 2050 341 2110; x_wconf 88' lang='lat' dir='ltr'><strong>idem</strong></span> <span class='ocrx_word' id='word_1_177' title='bbox 357 2057 469 2128; x_wconf 91' lang='lat' dir='ltr'><strong>tempus</strong></span> <span class='ocrx_word' id='word_1_178' title='bbox 482 2046 679 2127; x_wconf 77' lang='lat' dir='ltr'><strong>Calpurniam,</strong></span> <span class='ocrx_word' id='word_1_179' title='bbox 695 2049 726 2108; x_wconf 89' lang='lat' dir='ltr'><strong>L.</strong></span> <span class='ocrx_word' id='word_1_180' title='bbox 738 2048 852 2108; x_wconf 90' lang='lat' dir='ltr'><strong>Pisonis</strong></span> <span class='ocrx_word' id='word_1_181' title='bbox 867 2049 953 2109; x_wconf 87' lang='lat' dir='ltr'><strong>liliam</strong></span> <span class='ocrx_word' id='word_1_182' title='bbox 964 2051 1129 2111; x_wconf 87' lang='lat' dir='ltr'><strong>successuri</strong></span> 
     </span>
     <span class='ocr_line' id='line_1_23' title="bbox 128 2132 1129 2215; baseline -0.002 -19"><span class='ocrx_word' id='word_1_183' title='bbox 128 2136 184 2197; x_wconf 91' lang='lat' dir='ltr'><strong>sibi</strong></span> <span class='ocrx_word' id='word_1_184' title='bbox 203 2137 232 2194; x_wconf 92' lang='lat' dir='ltr'><strong>in</strong></span> <span class='ocrx_word' id='word_1_185' title='bbox 257 2134 423 2210; x_wconf 88' lang='lat' dir='ltr'><strong>consulatu,</strong></span> <span class='ocrx_word' id='word_1_186' title='bbox 451 2133 531 2192; x_wconf 83' lang='lat' dir='ltr'><strong>duxit</strong></span> <span class='ocrx_word' id='word_1_187' title='bbox 548 2150 685 2209; x_wconf 86' lang='lat' dir='ltr'><strong>uxorem,</strong></span> <span class='ocrx_word' id='word_1_188' title='bbox 714 2150 868 2210; x_wconf 90' lang='lat' dir='ltr'><strong>suamque,</strong></span> <span class='ocrx_word' id='word_1_189' title='bbox 889 2132 1003 2210; x_wconf 90' lang='lat' dir='ltr'><strong>Iuliam,</strong></span> <span class='ocrx_word' id='word_1_190' title='bbox 1029 2135 1129 2215; x_wconf 85' lang='lat' dir='ltr'><strong>Gnaeo</strong></span> 
     </span>
     <span class='ocr_line' id='line_1_24' title="bbox 128 2216 1127 2298; baseline -0.002 -18"><span class='ocrx_word' id='word_1_191' title='bbox 128 2221 269 2298; x_wconf 90' lang='lat' dir='ltr'><strong>Pompeio</strong></span> <span class='ocrx_word' id='word_1_192' title='bbox 287 2218 471 2294; x_wconf 90' lang='lat' dir='ltr'><strong>conlocavit,</strong></span> <span class='ocrx_word' id='word_1_193' title='bbox 492 2216 643 2295; x_wconf 89' lang='lat' dir='ltr'><strong>repudiato</strong></span> <span class='ocrx_word' id='word_1_194' title='bbox 666 2218 765 2295; x_wconf 91' lang='lat' dir='ltr'><strong>priore</strong></span> <span class='ocrx_word' id='word_1_195' title='bbox 783 2234 893 2294; x_wconf 92' lang='lat' dir='ltr'><strong>sponso</strong></span> <span class='ocrx_word' id='word_1_196' title='bbox 910 2218 1037 2278; x_wconf 89' lang='lat' dir='ltr'><strong>Servilio</strong></span> <span class='ocrx_word' id='word_1_197' title='bbox 1057 2217 1127 2278; x_wconf 93' lang='lat' dir='ltr'><strong>Cac-</strong></span> 
     </span>
     <span class='ocr_line' id='line_1_25' title="bbox 129 2299 1127 2383; baseline -0.002 -21"><span class='ocrx_word' id='word_1_198' title='bbox 129 2305 230 2383; x_wconf 85' lang='lat' dir='ltr'><strong>pione,</strong></span> <span class='ocrx_word' id='word_1_199' title='bbox 255 2302 334 2361; x_wconf 92' lang='lat' dir='ltr'><strong>cuius</strong></span> <span class='ocrx_word' id='word_1_200' title='bbox 358 2301 404 2359; x_wconf 90' lang='lat' dir='ltr'><strong>vel</strong></span> <span class='ocrx_word' id='word_1_201' title='bbox 420 2301 577 2379; x_wconf 89' lang='lat' dir='ltr'><strong>praecipua</strong></span> <span class='ocrx_word' id='word_1_202' title='bbox 598 2317 688 2378; x_wconf 91' lang='lat' dir='ltr'><strong>opera</strong></span> <span class='ocrx_word' id='word_1_203' title='bbox 706 2301 792 2378; x_wconf 89' lang='lat' dir='ltr'><strong>paulo</strong></span> <span class='ocrx_word' id='word_1_204' title='bbox 814 2309 879 2360; x_wconf 87' lang='lat' dir='ltr'><strong>ante</strong></span> <span class='ocrx_word' id='word_1_205' title='bbox 894 2299 1027 2361; x_wconf 92' lang='lat' dir='ltr'><strong>Bibulum</strong></span> <span class='ocrx_word' id='word_1_206' title='bbox 1047 2303 1127 2379; x_wconf 88' lang='lat' dir='ltr'><strong>inpu-</strong></span> 
     </span>
     <span class='ocr_line' id='line_1_26' title="bbox 128 2383 1143 2464; baseline 0.002 -20"><span class='ocrx_word' id='word_1_207' title='bbox 128 2393 277 2464; x_wconf 84' lang='lat' dir='ltr'><strong>gnaverat.</strong></span> <span class='ocrx_word' id='word_1_208' title='bbox 321 2385 367 2442; x_wconf 84' lang='lat' dir='ltr'><strong>Ac</strong></span> <span class='ocrx_word' id='word_1_209' title='bbox 392 2392 459 2462; x_wconf 92' lang='lat' dir='ltr'><strong>post</strong></span> <span class='ocrx_word' id='word_1_210' title='bbox 485 2401 589 2443; x_wconf 93' lang='lat' dir='ltr'><strong>novam</strong></span> <span class='ocrx_word' id='word_1_211' title='bbox 614 2383 786 2444; x_wconf 87' lang='lat' dir='ltr'><strong>adfinitatem</strong></span> <span class='ocrx_word' id='word_1_212' title='bbox 812 2383 979 2463; x_wconf 90' lang='lat' dir='ltr'><strong>Pompeium</strong></span> <span class='ocrx_word' id='word_1_213' title='bbox 1007 2387 1143 2464; x_wconf 89' lang='lat' dir='ltr'><strong>primum</strong></span> 
     </span>
     <span class='ocr_line' id='line_1_27' title="bbox 127 2465 1126 2548; baseline 0 -20"><span class='ocrx_word' id='word_1_214' title='bbox 127 2485 235 2544; x_wconf 80' lang='lat' dir='ltr'><strong>rogare</strong></span> <span class='ocrx_word' id='word_1_215' title='bbox 257 2467 564 2544; x_wconf 69' lang='lat' dir='ltr'><strong>sententiam&#39;eoepit,</strong></span> <span class='ocrx_word' id='word_1_216' title='bbox 592 2485 654 2526; x_wconf 93' lang='lat' dir='ltr'><strong>cum</strong></span> <span class='ocrx_word' id='word_1_217' title='bbox 676 2465 811 2527; x_wconf 81' lang='lat' dir='ltr'><strong>Crassum</strong></span> <span class='ocrx_word' id='word_1_218' title='bbox 837 2468 962 2545; x_wconf 89' lang='lat' dir='ltr'><strong>soleret,</strong></span> <span class='ocrx_word' id='word_1_219' title='bbox 989 2479 1126 2548; x_wconf 86' lang='lat' dir='ltr'><strong>essetque</strong></span> 
     </span>
     <span class='ocr_line' id='line_1_28' title="bbox 129 2549 1126 2629; baseline 0.001 -19"><span class='ocrx_word' id='word_1_220' title='bbox 129 2549 320 2629; x_wconf 89' lang='lat' dir='ltr'><strong>consuetudo,</strong></span> <span class='ocrx_word' id='word_1_221' title='bbox 342 2557 373 2608; x_wconf 89' lang='lat' dir='ltr'><strong>ut</strong></span> <span class='ocrx_word' id='word_1_222' title='bbox 394 2567 479 2628; x_wconf 90' lang='lat' dir='ltr'><strong>quem</strong></span> <span class='ocrx_word' id='word_1_223' title='bbox 495 2549 623 2609; x_wconf 90' lang='lat' dir='ltr'><strong>ordinem</strong></span> <span class='ocrx_word' id='word_1_224' title='bbox 640 2550 837 2628; x_wconf 80' lang='lat' dir='ltr'><strong>interrogandi</strong></span> <span class='ocrx_word' id='word_1_225' title='bbox 852 2553 1009 2613; x_wconf 90' lang='lat' dir='ltr'><strong>sententias</strong></span> <span class='ocrx_word' id='word_1_226' title='bbox 1026 2552 1126 2614; x_wconf 91' lang='lat' dir='ltr'><strong>consul</strong></span> 
     </span>
     <span class='ocr_line' id='line_1_29' title="bbox 128 2633 1009 2710; baseline 0.001 -17"><span class='ocrx_word' id='word_1_227' title='bbox 128 2634 191 2694; x_wconf 88' lang='lat' dir='ltr'><strong>llal.</strong></span> <span class='ocrx_word' id='word_1_228' title='bbox 207 2633 345 2693; x_wconf 88' lang='lat' dir='ltr'><strong>Ianuariis</strong></span> <span class='ocrx_word' id='word_1_229' title='bbox 360 2634 545 2710; x_wconf 88' lang='lat' dir='ltr'><strong>instituisset,</strong></span> <span class='ocrx_word' id='word_1_230' title='bbox 563 2652 626 2693; x_wconf 90' lang='lat' dir='ltr'><strong>eum</strong></span> <span class='ocrx_word' id='word_1_231' title='bbox 642 2643 704 2694; x_wconf 90' lang='lat' dir='ltr'><strong>toto</strong></span> <span class='ocrx_word' id='word_1_232' title='bbox 720 2653 795 2695; x_wconf 90' lang='lat' dir='ltr'><strong>anno</strong></span> <span class='ocrx_word' id='word_1_233' title='bbox 812 2645 1009 2696; x_wconf 87' lang='lat' dir='ltr'><strong>conservaret.</strong></span> 
     </span>
     <span class='ocr_line' id='line_1_30' title="bbox 19 2717 1125 2800; baseline 0.005 -24"><span class='ocrx_word' id='word_1_234' title='bbox 19 2730 124 2799; x_wconf 49' lang='lat' dir='ltr'><strong>,fo-2</strong></span> <span class='ocrx_word' id='word_1_235' title='bbox 193 2718 305 2777; x_wconf 88' lang='lat' dir='ltr'><strong>Socero</strong></span> <span class='ocrx_word' id='word_1_236' title='bbox 325 2717 412 2794; x_wconf 82' lang='lat' dir='ltr'><strong>igitur</strong></span> <span class='ocrx_word' id='word_1_237' title='bbox 437 2734 607 2796; x_wconf 84' lang='lat' dir='ltr'><strong>generoque</strong></span> <span class='ocrx_word' id='word_1_238' title='bbox 630 2718 869 2796; x_wconf 81' lang='lat' dir='ltr'><strong>suffragantibus,</strong></span> <span class='ocrx_word' id='word_1_239' title='bbox 895 2721 1037 2781; x_wconf 88' lang='lat' dir='ltr'><strong>exomni</strong></span> <span class='ocrx_word' id='word_1_240' title='bbox 1062 2737 1125 2800; x_wconf 92' lang='lat' dir='ltr'><strong>pro-</strong></span> 
     </span>
     <span class='ocr_line' id='line_1_31' title="bbox 128 2799 1125 2880; baseline 0 -17"><span class='ocrx_word' id='word_1_241' title='bbox 128 2802 286 2863; x_wconf 89' lang='lat' dir='ltr'><strong>vinciarum</strong></span> <span class='ocrx_word' id='word_1_242' title='bbox 303 2802 388 2878; x_wconf 91' lang='lat' dir='ltr'><strong>copia</strong></span> <span class='ocrx_word' id='word_1_243' title='bbox 401 2799 508 2861; x_wconf 87' lang='lat' dir='ltr'><strong>Callias</strong></span> <span class='ocrx_word' id='word_1_244' title='bbox 520 2802 698 2880; x_wconf 91' lang='lat' dir='ltr'><strong>potissimum</strong></span> <span class='ocrx_word' id='word_1_245' title='bbox 714 2802 819 2879; x_wconf 81' lang='lat' dir='ltr'><strong>elegit,</strong></span> <span class='ocrx_word' id='word_1_246' title='bbox 837 2803 918 2864; x_wconf 90' lang='lat' dir='ltr'><strong>cuius</strong></span> <span class='ocrx_word' id='word_1_247' title='bbox 933 2803 1125 2865; x_wconf 89' lang='lat' dir='ltr'><strong>emolumento</strong></span> 
     </span>
     <span class='ocr_line' id='line_1_32' title="bbox 129 2883 1125 2965; baseline 0 -20"><span class='ocrx_word' id='word_1_248' title='bbox 129 2895 158 2945; x_wconf 89' lang='lat' dir='ltr'><strong>et</strong></span> <span class='ocrx_word' id='word_1_249' title='bbox 181 2885 395 2964; x_wconf 91' lang='lat' dir='ltr'><strong>opportunitate</strong></span> <span class='ocrx_word' id='word_1_250' title='bbox 418 2883 523 2944; x_wconf 89' lang='lat' dir='ltr'><strong>idonea</strong></span> <span class='ocrx_word' id='word_1_251' title='bbox 546 2887 582 2944; x_wconf 91' lang='lat' dir='ltr'><strong>sit</strong></span> <span class='ocrx_word' id='word_1_252' title='bbox 597 2886 714 2946; x_wconf 89' lang='lat' dir='ltr'><strong>materia</strong></span> <span class='ocrx_word' id='word_1_253' title='bbox 735 2885 950 2965; x_wconf 87' lang='lat' dir='ltr'><strong>triumphorum.</strong></span> <span class='ocrx_word' id='word_1_254' title='bbox 994 2886 1034 2948; x_wconf 87' lang='lat' dir='ltr'><strong>Et</strong></span> <span class='ocrx_word' id='word_1_255' title='bbox 1050 2888 1125 2948; x_wconf 89' lang='lat' dir='ltr'><strong>initio</strong></span> 
     </span>
     <span class='ocr_line' id='line_1_33' title="bbox 129 2966 1126 3048; baseline 0 -20"><span class='ocrx_word' id='word_1_256' title='bbox 129 2969 243 3048; x_wconf 89' lang='lat' dir='ltr'><strong>quidem</strong></span> <span class='ocrx_word' id='word_1_257' title='bbox 265 2966 385 3028; x_wconf 88' lang='lat' dir='ltr'><strong>Calliam</strong></span> <span class='ocrx_word' id='word_1_258' title='bbox 407 2967 597 3047; x_wconf 90' lang='lat' dir='ltr'><strong>Cisalpinam,</strong></span> <span class='ocrx_word' id='word_1_259' title='bbox 624 2969 742 3045; x_wconf 78' lang='lat' dir='ltr'><strong>Illyrico</strong></span> <span class='ocrx_word' id='word_1_260' title='bbox 767 2970 899 3048; x_wconf 89' lang='lat' dir='ltr'><strong>adiecto,</strong></span> <span class='ocrx_word' id='word_1_261' title='bbox 924 2970 993 3048; x_wconf 78' lang='lat' dir='ltr'><strong>lege</strong></span> <span class='ocrx_word' id='word_1_262' title='bbox 1015 2971 1126 3033; x_wconf 81' lang='lat' dir='ltr'><strong>Vatinio</strong></span> 
     </span>
     <span class='ocr_line' id='line_1_34' title="bbox 128 3051 1126 3134; baseline 0.002 -23"><span class='ocrx_word' id='word_1_263' title='bbox 128 3053 257 3130; x_wconf 91' lang='lat' dir='ltr'><strong>accepit;</strong></span> <span class='ocrx_word' id='word_1_264' title='bbox 273 3069 342 3112; x_wconf 89' lang='lat' dir='ltr'><strong>mox</strong></span> <span class='ocrx_word' id='word_1_265' title='bbox 360 3071 413 3131; x_wconf 91' lang='lat' dir='ltr'><strong>per</strong></span> <span class='ocrx_word' id='word_1_266' title='bbox 428 3062 556 3113; x_wconf 89' lang='lat' dir='ltr'><strong>senatum</strong></span> <span class='ocrx_word' id='word_1_267' title='bbox 569 3051 715 3114; x_wconf 87' lang='lat' dir='ltr'><strong>Comatam</strong></span> <span class='ocrx_word' id='word_1_268' title='bbox 734 3071 866 3133; x_wconf 89' lang='lat' dir='ltr'><strong>quoque,</strong></span> <span class='ocrx_word' id='word_1_269' title='bbox 883 3055 983 3114; x_wconf 83' lang='lat' dir='ltr'><strong>veritis</strong></span> <span class='ocrx_word' id='word_1_270' title='bbox 998 3054 1126 3134; x_wconf 89' lang='lat' dir='ltr'><strong>patribus</strong></span> 
     </span>
     <span class='ocr_line' id='line_1_35' title="bbox 127 3137 1125 3217; baseline 0.003 -23"><span class='ocrx_word' id='word_1_271' title='bbox 127 3154 178 3212; x_wconf 93' lang='lat' dir='ltr'><strong>ne,</strong></span> <span class='ocrx_word' id='word_1_272' title='bbox 201 3137 225 3194; x_wconf 93' lang='lat' dir='ltr'><strong>si</strong></span> <span class='ocrx_word' id='word_1_273' title='bbox 247 3137 304 3214; x_wconf 93' lang='lat' dir='ltr'><strong>ipsi</strong></span> <span class='ocrx_word' id='word_1_274' title='bbox 320 3145 492 3214; x_wconf 85' lang='lat' dir='ltr'><strong>negassent,</strong></span> <span class='ocrx_word' id='word_1_275' title='bbox 518 3138 644 3217; x_wconf 92' lang='lat' dir='ltr'><strong>populus</strong></span> <span class='ocrx_word' id='word_1_276' title='bbox 665 3147 694 3198; x_wconf 92' lang='lat' dir='ltr'><strong>et</strong></span> <span class='ocrx_word' id='word_1_277' title='bbox 714 3138 788 3198; x_wconf 92' lang='lat' dir='ltr'><strong>hanc</strong></span> <span class='ocrx_word' id='word_1_278' title='bbox 804 3138 894 3198; x_wconf 90' lang='lat' dir='ltr'><strong>daret.</strong></span> <span class='ocrx_word' id='word_1_279' title='bbox 939 3139 1005 3213; x_wconf 82' lang='lat' dir='ltr'><strong>Quo</strong></span> <span class='ocrx_word' id='word_1_280' title='bbox 1022 3138 1125 3216; x_wconf 78' lang='lat' dir='ltr'><strong>gaudio</strong></span> 
     </span>
     <span class='ocr_line' id='line_1_36' title="bbox 128 3219 1124 3300; baseline 0.005 -24"><span class='ocrx_word' id='word_1_281' title='bbox 128 3219 220 3277; x_wconf 91' lang='lat' dir='ltr'><strong>elatus</strong></span> <span class='ocrx_word' id='word_1_282' title='bbox 236 3237 293 3279; x_wconf 97' lang='lat' dir='ltr'><strong>non</strong></span> <span class='ocrx_word' id='word_1_283' title='bbox 308 3223 494 3298; x_wconf 89' lang='lat' dir='ltr'><strong>temperavit,</strong></span> <span class='ocrx_word' id='word_1_284' title='bbox 518 3223 584 3300; x_wconf 91' lang='lat' dir='ltr'><strong>quin</strong></span> <span class='ocrx_word' id='word_1_285' title='bbox 600 3239 710 3300; x_wconf 89' lang='lat' dir='ltr'><strong>paucos</strong></span> <span class='ocrx_word' id='word_1_286' title='bbox 726 3233 793 3300; x_wconf 89' lang='lat' dir='ltr'><strong>post</strong></span> <span class='ocrx_word' id='word_1_287' title='bbox 808 3221 871 3281; x_wconf 92' lang='lat' dir='ltr'><strong>dies</strong></span> <span class='ocrx_word' id='word_1_288' title='bbox 887 3222 1034 3300; x_wconf 84' lang='lat' dir='ltr'><strong>frequenti</strong></span> <span class='ocrx_word' id='word_1_289' title='bbox 1050 3224 1124 3283; x_wconf 89' lang='lat' dir='ltr'><strong>curia</strong></span> 
     </span>
     <span class='ocr_line' id='line_1_37' title="bbox 126 3302 1127 3384; baseline 0.007 -26"><span class='ocrx_word' id='word_1_290' title='bbox 126 3302 264 3378; x_wconf 89' lang='lat' dir='ltr'><strong>iactaret,</strong></span> <span class='ocrx_word' id='word_1_291' title='bbox 295 3303 399 3366; x_wconf 80' lang='lat' dir='ltr'><strong>invitis</strong></span> <span class='ocrx_word' id='word_1_292' title='bbox 428 3311 457 3365; x_wconf 88' lang='lat' dir='ltr'><strong>et</strong></span> <span class='ocrx_word' id='word_1_293' title='bbox 482 3303 670 3384; x_wconf 66' lang='lat' dir='ltr'><strong>penitentibus</strong></span> <span class='ocrx_word' id='word_1_294' title='bbox 700 3305 884 3365; x_wconf 77' lang='lat' dir='ltr'><strong>adversaris</strong></span> <span class='ocrx_word' id='word_1_295' title='bbox 921 3306 1066 3384; x_wconf 82' lang='lat' dir='ltr'><strong>adeptum</strong></span> <span class='ocrx_word' id='word_1_296' title='bbox 1095 3323 1127 3365; x_wconf 85' lang='lat' dir='ltr'><strong>se</strong></span> 
     </span>
     <span class='ocr_line' id='line_1_38' title="bbox 127 3387 1125 3466; baseline 0.009 -24"><span class='ocrx_word' id='word_1_297' title='bbox 127 3401 207 3464; x_wconf 81' lang='lat' dir='ltr'><strong>quoe</strong></span> <span class='ocrx_word' id='word_1_298' title='bbox 238 3389 450 3464; x_wconf 81' lang='lat' dir='ltr'><strong>concupisset,</strong></span> <span class='ocrx_word' id='word_1_299' title='bbox 476 3387 608 3466; x_wconf 83' lang='lat' dir='ltr'><strong>proinde</strong></span> <span class='ocrx_word' id='word_1_300' title='bbox 632 3406 672 3448; x_wconf 76' lang='lat' dir='ltr'><strong>eo</strong></span> <span class='ocrx_word' id='word_1_301' title='bbox 697 3406 732 3449; x_wconf 89' lang='lat' dir='ltr'><strong>eo</strong></span> <span class='ocrx_word' id='word_1_302' title='bbox 754 3389 971 3451; x_wconf 78' lang='lat' dir='ltr'><strong>insultaturum</strong></span> <span class='ocrx_word' id='word_1_303' title='bbox 997 3391 1125 3451; x_wconf 81' lang='lat' dir='ltr'><strong>omnium</strong></span> 
     </span>
     <span class='ocr_line' id='line_1_39' title="bbox 129 3465 1127 3551; baseline 0.005 -22"><span class='ocrx_word' id='word_1_304' title='bbox 129 3465 284 3547; x_wconf 79' lang='lat' dir='ltr'><strong>capitibus</strong></span> <span class='ocrx_word' id='word_1_305' title='bbox 289 3492 304 3538; x_wconf 86' lang='lat'><strong>,·</strong></span> <span class='ocrx_word' id='word_1_306' title='bbox 329 3487 364 3528; x_wconf 91' lang='lat' dir='ltr'><strong>ac</strong></span> <span class='ocrx_word' id='word_1_307' title='bbox 384 3480 510 3547; x_wconf 81' lang='lat' dir='ltr'><strong>negante</strong></span> <span class='ocrx_word' id='word_1_308' title='bbox 532 3470 655 3551; x_wconf 88' lang='lat' dir='ltr'><strong>quodam</strong></span> <span class='ocrx_word' id='word_1_309' title='bbox 673 3489 726 3550; x_wconf 92' lang='lat' dir='ltr'><strong>per</strong></span> <span class='ocrx_word' id='word_1_310' title='bbox 746 3473 947 3534; x_wconf 87' lang='lat' dir='ltr'><strong>contumeliam</strong></span> <span class='ocrx_word' id='word_1_311' title='bbox 962 3475 1052 3536; x_wconf 81' lang='lat' dir='ltr'><strong>facile</strong></span> <span class='ocrx_word' id='word_1_312' title='bbox 1072 3475 1127 3534; x_wconf 85' lang='lat' dir='ltr'><strong>boo</strong></span> 
     </span>
    </p>
   </div>
   <div class='ocr_carea' id='block_1_3' title="bbox 0 0 1148 3944">
    <p class='ocr_par' dir='ltr' id='par_1_3' title="bbox 0 0 1148 3944">
     <span class='ocr_line' id='line_1_40' title="bbox 0 0 1148 3944; baseline 0 0"><span class='ocrx_word' id='word_1_313' title='bbox 0 0 1148 3944; x_wconf 95' lang='lat' dir='ltr'><strong> </strong></span> 
     </span>
    </p>
   </div>
  </div>
 </body>
</html>
