2286 3944
139 245 199 305 140
229 251 724 310 c.sttltnort1rttA1tQ.n1tv1nn
743 250 928 299 CAESARUM
946 253 1019 300 LIB.
1033 255 1095 301 1111.

138 409 223 468 mimo
242 404 487 485 praetermodum
507 407 710 483 intemperans.
752 404 889 483 Repetite
909 423 1017 484 caena,
1039 427 1131 468 renun·

138 492 232 551 tiantis
257 498 388 548 coactum
406 507 511 565 agmen
536 489 610 548 sieut
632 495 713 547 erant
733 486 871 547 loricatos
897 488 934 549 ad
957 489 1132 552 discumben-

139 575 202 634 dum
217 572 383 633 adhortatus
406 582 459 631 est.
503 572 613 632 Monuit
634 571 717 631 etiam
743 571 893 632 notissimo
916 573 1028 650 Virgili
1045 594 1132 653 versu,

139 659 290 718 dictarent
304 656 508 734 secundisque
522 674 557 715 ee
570 654 664 715 rebus
678 662 850 715 servarent.

202 741 299 818 Atque
320 741 394 799 inter
410 739 483 799 haec
504 739 650 800 absentem
671 747 799 798 senatum
813 739 1015 818 populumque
1031 745 1132 819 grauis·

140 826 213 883 simo
236 824 400 900 obiurgavit
419 823 529 899 edicto,
552 822 629 900 qnod
651 819 789 882 Caesare
801 823 982 900 proeliante
1002 833 1033 885 ct
1050 826 1133 888 tantis

142 906 371 968 discriminibus
398 906 532 982 obiecto,
560 905 738 983 tempestiva
769 906 930 984 coaoioia,
967 908 1085 970 cirenem
1110 917 1133 969 et

98 1003 133 1057 46
141 992 264 1052 theatra
280 997 309 1051 et
319 1007 464 1051 amoenos
479 1006 619 1050 secessus
637 988 836 1049 celebrarent.
880 991 1039 1052 Postremo
1061 995 1133 1072 qnasi

142 1083 358 1154 perpetraturus
377 1073 500 1149 bellum,
522 1073 631 1133 directa
658 1074 720 1132 acie
736 1075 764 1131 in
779 1073 865 1133 litore
881 1073 995 1134 Oceani
1011 1095 1046 1136 ac
1061 1077 1133 1137 balli·

142 1161 193 1220 stis
208 1157 403 1234 machinisque
418 1156 580 1234 dispositis,
604 1158 716 1215 nemine
731 1174 821 1232 gnaro
839 1167 887 1216 aut
902 1159 1044 1236 opinante
1062 1160 1134 1238 qnid·

142 1261 205 1302 nam
221 1250 375 1319 coepturus
398 1249 495 1314 esset,
528 1249 650 1317 repente
670 1249 699 1297 ut
719 1239 845 1300 conchas
867 1241 1007 1318 legerent
1027 1245 1133 1320 galeas·

143 1345 199 1404 que
222 1334 251 1395 et
280 1325 356 1382 sinus
386 1323 535 1400 replerent
564 1323 730 1401 imperavit,
763 1323 867 1401 spolia
890 1322 1013 1386 Oceani
1032 1345 1134 1388 vocans

143 1403 296 1484 Capitolio
312 1406 494 1483 Palatioque
509 1405 629 1482 debita,
659 1415 688 1465 et
703 1407 731 1465 in
746 1407 879 1466 indicium
896 1409 1043 1470 victoriae
1065 1411 1133 1471 altis·

140 1493 237 1550 simam
252 1499 357 1548 turrem
373 1491 525 1566 excitavit,
550 1509 587 1550 ex
605 1509 661 1568 qna
676 1498 706 1549 ut
720 1490 813 1551 Pharo
831 1491 966 1551 noctibus
985 1493 1024 1553 ad
1037 1513 1133 1572 regen

139 1574 192 1634 (los
212 1574 325 1632 navium
348 1591 448 1632 cursus
475 1574 559 1650 ignes
585 1576 755 1644 emicarent;
790 1578 1035 1655 pronuntiatoque
1063 1577 1135 1637 militi

140 1657 273 1717 donativo
305 1659 434 1716 centenis
462 1659 566 1717 viritim
590 1657 731 1734 denariis,
755 1659 835 1736 quasi
863 1677 947 1718 omne
977 1662 1135 1739 exemplum

138 1739 320 1800 liberalitatis
340 1759 549 1819 supergressus
570 1739 676 1817 Atia,
698 1743 803 1819 inquit,
826 1742 916 1819 laeti,
946 1743 1034 1804 adite
1060 1745 1134 1805 locat·

137 1825 253 1903 pletas!
1063 1838 1068 1845 ·

98 1919 129 1974 tt
205 1907 370 1967 Conversus
391 1907 457 1967 hine
472 1909 508 1968 ad
529 1927 624 1969 euram
645 1909 792 1986 triumphi,
815 1918 934 1988 praeter
954 1913 1095 1990 captivos
1109 1930 1137 1972 aa

139 1993 305 2069 transfugas
327 1992 466 2053 barbaros
481 1992 633 2054 Galliarum
649 2010 763 2070 quoque
789 1993 1028 2071 procerissimum
1047 2014 1137 2076 qnem-

142 2096 199 2156 que
226 2086 255 2135 et
283 2079 328 2156 (ut
343 2080 406 2156 ipse
421 2076 551 2154 dicebat)
576 2066 894 2155 ἇξιοθριάμβευτον,
926 2095 960 2137 ac
985 2080 1137 2141 nonnullos

142 2181 180 2221 ex
196 2160 374 2240 principibus
386 2160 459 2238 legit
475 2180 509 2222 ac
529 2162 659 2240 seposuit
679 2161 714 2220 ad
734 2176 884 2238 pompam,
908 2164 1073 2241 coegitque
1088 2180 1137 2224 non

139 2254 247 2305 tantum
276 2245 393 2304 rutilare
422 2253 451 2303 et
478 2247 654 2305 summittere
684 2261 808 2320 comam,
842 2244 894 2303 sed
922 2253 950 2304 et
978 2264 1137 2308 sermonen

142 2328 339 2388 Germanicum
358 2329 508 2388 addiscere
523 2337 552 2388 et
567 2329 680 2388 nomina
694 2327 845 2388 barbarica
860 2327 948 2398 iem.
987 2329 1138 2410 Praecepit

142 2413 226 2469 etiam
240 2413 379 2485 triremis,
402 2411 503 2488 quibus
526 2413 673 2471 introierat
695 2411 856 2488 Oceanum,
876 2429 982 2487 magna
1006 2431 1046 2473 ex
1063 2422 1138 2493 parto

139 2493 242 2550 itinere
265 2495 395 2552 terrestri
415 2495 536 2554 Romam
557 2493 669 2553 devehi.
702 2495 825 2574 Scripsit
846 2503 875 2553 et
889 2498 1138 2574 procuratoribus,

138 2573 310 2651 triumphum
339 2586 513 2654 appararent
538 2595 619 2655 quam
644 2578 757 2637 minima
783 2596 906 2653 summa,
939 2579 993 2639 sed
1022 2591 1138 2660 quantur

140 2675 289 2735 numquam
315 2658 386 2718 alius
413 2660 530 2735 luisset,
556 2659 669 2737 quando
696 2663 724 2720 in
749 2664 871 2721 omnium
893 2661 1040 2722 hominnm
1070 2665 1138 2724 bona

140 2745 183 2801 ius
197 2741 345 2802 haberent.

98 2838 132 2892 48
204 2826 284 2885 Prius
301 2844 384 2904 quam
403 2827 550 2905 provincia
565 2827 737 2906 decederet,
756 2829 905 2889 consilinm
920 2830 982 2888 iniit
999 2831 1137 2893 nefandae

141 2911 315 2986 atrocitatis,
338 2910 487 2986 legiones,
511 2929 584 2988 quae
607 2921 675 2990 post
699 2931 852 2972 excessum
875 2913 1001 2990 Augusti
1024 2915 1137 2976 seditio

140 3012 204 3052 nem
227 2994 294 3053 olim
313 3003 479 3070 moverant,
510 2995 739 3073 contrucidandi,
771 2996 848 3074 qnod
871 3005 899 3055 et
925 3004 1039 3073 patrem
1064 3016 1138 3060 suun

141 3077 338 3138 Germanicum
356 3077 457 3137 ducem
473 3086 501 3136 et
517 3097 549 3137 se
567 3079 703 3138 iniantem
719 3088 786 3139 tune
808 3079 1010 3155 obsedissent,
1035 3084 1138 3163 vixque

140 3180 156 3220 a
173 3170 228 3221 tam
249 3163 401 3240 praecipiti
419 3163 596 3238 cogitatione
611 3171 778 3240 revocatus,
809 3163 931 3222 inhiberi
956 3163 1138 3227 nullomodo

139 3246 231 3320 potuit
256 3247 322 3322 quin
346 3245 491 3305 decimare
519 3247 597 3306 velle
627 3256 841 3324 perseveraret.
886 3249 1015 3307 Vocatas
1044 3248 1138 3330 itaqua

139 3326 175 3384 ad
192 3329 361 3387 concionem
377 3331 518 3406 inermes,
540 3339 625 3408 atque
649 3331 733 3389 etiam
752 3329 857 3405 gladiis
877 3330 1036 3408 depositis,
1063 3334 1137 3412 equi·

138 3417 195 3467 tatu
208 3420 315 3470 armato
329 3413 524 3473 circumdedit.
570 3412 627 3473 Sed
651 3411 846 3480 cumvideret
866 3420 1004 3491 suspecta
1026 3434 1062 3474 re
1083 3417 1137 3496 ple

139 3510 247 3574 rosque
269 3494 355 3551 dilabi
373 3495 406 3544 erl
428 3496 595 3542 oneramur-da
614 3497 637 3540 ‘ri
651 3514 704 3544 mura
724 3495 765 3540 nic
784 3495 865 3540 liora*
888 3514 981 3572 arma,
1010 3500 1138 3577 plssfssgb
