2286 3944
144 261 207 322 252
232 272 260 320 o.
275 269 424 319 sunnour
438 267 568 328 nanno.
581 269 629 315 nn
639 267 724 314 vrrs
736 267 928 317 cassanum
941 271 1011 316 nm.
1024 271 1093 319 vrn.

144 447 200 509 que
214 426 248 487 ad
262 432 349 503 caput
366 423 519 501 quidquam
538 431 663 501 excepto
682 421 805 500 capulo,
830 431 860 482 et
878 432 1038 501 praeterea
1055 426 1130 487 clausa

144 513 238 574 omnia
253 509 438 586 repperisse:
455 515 541 585 atque
553 507 633 566 Illum
647 506 761 565 interIm
779 515 900 585 arrepto
921 507 1130 588 deductoqueal

143 608 250 658 terram
263 591 429 670 Stephano,
443 591 637 651 conluctatum
649 589 713 666 diu,
735 589 800 649 dum
817 589 907 651 modo
926 591 1036 652 ferrum
1056 603 1128 654 extor

145 697 252 760 quere,
274 675 361 735 modo
382 693 550 754 quamquam
566 674 680 733 laniatis
701 675 799 750 digitis
819 675 926 734 oculos
950 677 1077 737 effodere
1097 695 1128 738 co

145 774 237 826 natur.

210 846 332 906 Occisus
348 852 393 903 cst
410 842 501 902 XIIII.
522 842 568 901 III.
586 841 671 922 9otb.
689 858 765 901 anno
783 845 886 901 aetatis
909 844 1127 921 quadragensiuo

147 935 255 1012 qulnto,
272 928 383 1007 imperii
396 929 494 1006 qulnto
507 920 628 985 decimo.
653 923 785 985 Cadaver
797 927 874 1001 eius,
895 927 1033 1004 populari
1050 928 1125 989 sande

147 1017 205 1097 plia
218 1033 271 1092 per
283 1011 462 1089 vespillones
481 1018 678 1088 exportatum,
697 1008 807 1084 Phyllis
824 1012 922 1068 nutrix
940 1012 968 1069 in
988 1012 1124 1073 suburbano

147 1118 199 1160 uo
208 1099 307 1158 Latina
319 1096 366 1155 via
383 1095 541 1164 funeravit;
562 1093 614 1154 sed
632 1093 770 1171 reIIquIas
786 1093 895 1172 templo
914 1091 1036 1154 Flaviae
1054 1097 1123 1172 gem

147 1185 220 1244 clam
232 1180 339 1255 intulit,
355 1177 559 1256 ciueribusque
569 1177 659 1237 Iuliae
671 1176 726 1236 Titi
739 1176 825 1254 filiae,
835 1195 921 1256 quam
937 1187 966 1236 et
977 1180 1067 1257 Ipsam
1079 1179 1115 1240 edt

147 1275 235 1343 carat,
253 1264 432 1324 conmiscuit.

107 1365 138 1418 ιε
208 1351 321 1408 Statura
344 1345 397 1405 tuit
419 1363 563 1423 procera,
592 1344 671 1404 vultu
691 1343 825 1404 modesto
849 1344 1026 1425 ruborisque
1049 1346 1122 1424 pleno,

145 1431 302 1511 grandibus
319 1428 422 1506 oculis,
435 1447 534 1488 verum
547 1429 610 1488 acie
624 1428 792 1496 hebetiore;
812 1437 970 1507 praeterea
981 1430 1093 1509 pulcher

145 1516 264 1590 decens,
279 1514 401 1572 maxIme
416 1513 445 1570 iu
461 1514 585 1590 iuventa,
598 1522 627 1571 et
641 1511 755 1591 quidem
766 1520 827 1572 toto
849 1529 997 1590 corpore,
1017 1512 1121 1591 excepb

145 1597 284 1679 pedibus,
308 1614 429 1674 quorum
448 1597 555 1673 dIgitos
576 1599 773 1657 restrictiores
796 1595 940 1666 babebat,
965 1606 1066 1675 postea

145 1685 214 1743 vitio
228 1699 343 1760 quoque
356 1680 495 1739 deformis
517 1688 546 1738 et
565 1680 707 1740 obesitate
725 1681 835 1740 ventris
853 1690 883 1740 et
901 1698 1017 1741 crurum
1033 1683 1100 1759 graui

144 1776 215 1843 tate,
228 1784 301 1843 quae
314 1775 408 1825 tamen
421 1767 448 1823 ei
466 1763 622 1824 valitudine
638 1764 727 1842 longa
744 1774 971 1825 remacruerant.
1000 1764 1101 1825 Comme

146 1852 209 1912 dari
221 1868 253 1910 se
273 1848 448 1909 verecundia
468 1849 528 1907 oris
548 1848 621 1908 adeo
640 1848 799 1925 sentiebat,
817 1858 847 1908 ut
865 1849 943 1927 apud
961 1859 1083 1908 senatun
1104 1846 1109 1860 '

147 1934 289 2016 quondam
301 1934 464 1993 iactaverit:
495 1929 598 2011 Usque
619 1931 722 1993 adbuc
741 1939 824 1993 certe
844 1939 872 1993 et
896 1933 1031 1994 anianum
1052 1950 1103 1992 sucu

144 2019 306 2099 probastis
321 2023 350 2077 et
363 2016 486 2077 cultum.
521 2015 645 2077 calvitio
663 2017 702 2076 ita
719 2016 934 2095 offendebatur,
956 2026 987 2077 ut
1004 2019 1032 2076 in
1049 2034 1095 2077 con
1135 2063 1137 2087 ,

146 2105 260 2164 meliam
274 2121 353 2163 suam
365 2101 502 2176 traheret,
515 2102 540 2159 si
552 2102 597 2160 cui
608 2101 656 2160 alii
667 2102 735 2161 ioco
754 2102 802 2162 vel
820 2102 914 2178 iurgio
937 2101 1112 2162 obiectaretur

148 2190 277 2267 quamvis
300 2185 417 2262 libello,
439 2203 524 2264 quem
546 2185 588 2244 de
616 2203 701 2244 cura
724 2186 950 2264 capillorum
974 2185 1011 2246 ad
1030 2186 1093 2246 amic
1133 2250 1135 2254 ,

148 2273 246 2350 edidit,
258 2272 332 2331 baec
352 2271 447 2345 etiam,
465 2268 547 2329 simul
567 2269 644 2327 illum
665 2286 755 2346 seque
769 2270 939 2346 consolans,
957 2269 1109 2329 inseruerit:

264 2344 335 2432 Οὐχ
350 2341 463 2434 ὁράᾳς,
480 2339 550 2423 οἷος
564 2341 656 2430 κάγώ
670 2343 771 2424 καλός
785 2372 821 2414 τε
838 2347 940 2434 μέγας
959 2371 1016 2428 τες

145 2437 266 2498 Eodem
280 2455 328 2496 me
345 2443 445 2496 tamen
459 2443 584 2496 moueat
598 2436 779 2514 capillorum
794 2437 883 2516 foto,
905 2444 935 2498 et
953 2435 1033 2514 forti
1047 2455 1064 2498 a
1088 2436 1092 2448 '

144 2520 214 2599 fero
231 2538 350 2582 comum
364 2520 397 2580 in
413 2520 626 2580 adulescentia
640 2529 855 2583 senescentem.
888 2521 984 2582 Scias
1003 2539 1059 2583 uec

106 2608 138 2663 19
147 2605 206 2665 tius
222 2604 383 2683 quicquum
400 2603 512 2664 decore
531 2622 589 2665 uec
602 2603 735 2665 bracios.
765 2605 888 2667 Laboris
906 2607 1074 2683 impatiens,
1135 2642 1136 2678 ι

148 2689 229 2748 dibus
244 2707 296 2767 per
307 2688 408 2747 urbem
420 2705 478 2746 non
490 2697 600 2747 temere
613 2688 784 2766 ambulavit,
802 2693 830 2750 in
850 2689 1039 2769 expeditione
1051 2698 1078 2749 et
1092 2705 1103 2746 a

147 2776 221 2832 minc
234 2789 310 2850 equo
322 2774 425 2848 rarius,
438 2772 543 2831 lectica
556 2774 671 2832 assidue
683 2783 785 2833 vectus
803 2783 857 2839 est.
887 2773 1042 2834 Armorum
1057 2770 1105 2832 null

147 2858 314 2934 sagittarum
340 2857 386 2915 vel
410 2857 569 2935 praepruo
596 2857 689 2916 studio
713 2858 873 2918 tenebatur.
913 2856 1060 2918 Centenae
1076 2872 1103 2915 va

147 2942 265 3018 generis
286 2941 365 3000 ieras
385 2959 475 3020 saepe
492 2943 520 2999 in
539 2939 654 3001 Albano
673 2959 793 3001 secessu
813 2942 1018 3001 conficientem
1035 2958 1101 3021 spec

147 3045 217 3085 vere
234 3025 378 3103 plerique,
392 3035 476 3104 atque
489 3029 573 3085 etiam
590 3044 628 3085 ex
645 3024 782 3086 industria
800 3028 839 3086 ita
858 3024 1036 3103 quarundam
1056 3023 1110 3104 cap'

148 3111 294 3186 figentem,
313 3119 342 3168 ut
354 3110 466 3169 duobus
483 3109 587 3169 ictibus
605 3110 685 3187 quasi
702 3127 810 3171 cornua
828 3109 971 3169 efiiceret.
1005 3109 1104 3170 Nonnu

147 3213 231 3272 quam
243 3195 270 3251 in
290 3196 372 3271 pueri
392 3194 493 3272 procul
514 3196 615 3253 stantis
631 3194 857 3272 praebentisque
876 3210 930 3272 pro
948 3195 1075 3273 scopulo
1107 3191 1112 3205 '

148 3295 265 3353 pansam
278 3277 415 3337 dexterae
427 3297 526 3337 manus
541 3277 674 3357 palmam,
688 3280 808 3355 sagittas
820 3286 896 3338 tanta
910 3284 973 3337 arte
986 3277 1105 3354 direxit,

147 3377 247 3418 omnes
260 3379 313 3438 per
326 3362 479 3423 intervalla
495 3362 649 3439 digitorum
661 3365 785 3423 Innocue
799 3362 967 3422 evaderent.

103 3444 137 3497 20
203 3442 347 3503 bibenella
360 3447 453 3505 studIa
464 3447 577 3524 imperIi
590 3447 669 3504 initio
690 3447 838 3523 neglexit,
855 3462 1028 3525 quamquam
1049 3443 1113 3504 bib'

144 3523 238 3578 limmat
266 3526 396 3571 'nonnulis
419 3528 576 3576 obnrrmnloe
605 3529 816 3577 'mmnneinnimn
840 3545 980 3598 reparare
1007 3548 1107 3591 cup-agg
