2256 3930
442 233 471 282 c.
496 234 682 283 cnmounn.
1004 222 1062 288 139

59 387 137 447 ulam
156 388 366 465 processisset,
397 386 557 448 admonitus
584 388 620 448 de
646 388 807 468 supplendo
834 409 953 450 numero
979 391 1061 453 Bata·

59 487 180 546 vorum,
203 488 278 548 quos
311 472 387 532 circa
419 489 451 531 se
485 472 624 550 babebat,
656 473 849 552 expeditionis
874 474 1061 537 Germanicae

58 556 197 634 impetum
213 557 304 634 cepit;
327 573 420 634 neque
437 555 560 634 distulit,
583 556 635 616 sed
649 556 813 634 legionibus
836 567 865 617 ct
880 559 993 619 auxiliis
1011 579 1060 619 un·

59 638 148 716 dique
165 640 285 715 excitis,
312 637 465 699 dilectibus
479 640 584 719 ubique
599 639 787 701 acerbissime
801 642 889 719 actis,
911 651 1060 704 contracto

32 731 93 784 cet
109 723 199 781 omnis
216 724 334 799 generis
356 732 514 783 commeatu
532 732 637 803 quanto
653 742 804 802 numquam
821 734 921 803 antea,
952 727 1006 787 iter
1019 729 1060 786 in-

58 823 181 883 gressus
197 814 242 865 est
259 805 443 885 confecitque
463 807 549 867 modo
572 816 629 867 tam
650 808 819 868 festinanter
840 818 868 868 et
890 809 1008 888 rapide,
1031 820 1061 870 ut

59 889 263 968 praetorianae
290 889 426 950 cohortes
454 900 554 951 contra
580 909 689 952 morem
713 894 796 970 signa
816 894 949 952 iumentis
971 895 1061 973 impo-

57 991 131 1032 nere
147 981 175 1031 ct
197 975 235 1033 ita
257 971 394 1051 subsequi
413 982 604 1052 cogerentur,
630 975 770 1035 interdum
792 976 866 1036 adeo
884 979 1014 1054 segniter
1033 986 1062 1037 et

59 1056 202 1133 delicate,
239 1065 269 1115 ut
300 1057 460 1135 octaphoro
489 1057 660 1135 veheretur,
681 1068 767 1138 atque
794 1079 810 1120 a
836 1061 1061 1139 propinquarum

21 1140 171 1202 rourbium
188 1139 274 1219 plebe
288 1141 365 1200 verri
382 1141 436 1200 sibi
455 1142 518 1202 vias
538 1151 567 1201 et
589 1146 747 1222 conspergi
770 1153 893 1222 propter
910 1144 1060 1222 pulverem

60 1226 204 1301 exigeret.
880 1265 883 1271 ,

124 1307 278 1386 Postquam
297 1317 391 1368 castra
413 1310 520 1387 attigit,
544 1318 574 1369 ut
590 1329 622 1370 se
638 1328 735 1371 acrem
755 1328 790 1372 ac
804 1329 938 1371 severum
960 1312 1060 1372 ducem
1069 1323 1101 1377 44

60 1391 245 1470 ostenderet,
268 1392 399 1470 legatos,
419 1395 466 1470 qui
484 1393 589 1454 auxilia
610 1395 702 1454 serius
718 1413 755 1454 ex
776 1395 898 1455 diversis
919 1395 994 1455 locis
1012 1395 1059 1456 ad·

10 1538 13 1547 ,
60 1476 218 1554 duxerant,
243 1494 305 1536 cum
320 1477 476 1553 ignominia
492 1477 609 1548 dimisit;
633 1487 661 1538 at
678 1480 706 1536 in
721 1480 851 1538 exercitu
865 1479 1059 1556 recensendo,

22 1584 49 1628 rs
60 1561 209 1640 plerisque
230 1560 426 1620 centurionum
438 1563 553 1621 maturis
568 1562 631 1639 iam,
651 1571 679 1621 et
701 1562 845 1622 nonnullis
860 1572 925 1623 ante
947 1563 1058 1642 paucis·

60 1646 150 1704 simos
171 1662 253 1722 quam
270 1645 489 1704 consummaturi
512 1654 610 1705 essent
627 1644 699 1722 dies,
722 1646 829 1724 primos
846 1646 923 1725 pilos
946 1646 1059 1724 ademit,

61 1736 193 1788 causatus
217 1728 325 1787 senium
350 1729 486 1807 cuiusque
512 1738 541 1788 et
566 1729 804 1799 imbecillitatem
831 1738 993 1791 ceterorum
1019 1733 1058 1790 in·

61 1811 172 1891 crepita
195 1811 364 1890 cupiditate,
388 1811 537 1872 commoda
559 1815 696 1874 emeritae
717 1813 832 1874 militiae
849 1814 884 1874 ad
910 1823 1058 1875 sescento·

59 1895 148 1954 rum*
170 1895 276 1955 milium
299 1913 433 1955 summam
455 1896 566 1956 recidit.
611 1897 688 1957 Nihil
714 1893 954 1976 autem'amplius
977 1915 1059 1976 quam

10 2003 48 2044 ino
59 1978 192 2039 Adminio
218 1977 401 2055 Cynobellini
424 1979 621 2041 Britannorum
646 1983 727 2058 regis
750 1981 825 2058 irlio,
851 1981 898 2059 qui
916 1980 1015 2059 pulsus
1042 1999 1059 2041 a

58 2072 141 2143 patre
159 2081 221 2124 cum
239 2064 345 2141 exigua
359 2081 443 2123 manu
458 2065 667 2142 transfugerat,
689 2066 718 2123 in
734 2063 909 2124 deditionem
924 2072 1057 2142 recepto,

58 2147 140 2226 quasi
164 2148 298 2208 universa
328 2146 431 2208 tradita
458 2148 566 2225 insula,
601 2148 769 2225 magnificas
798 2148 918 2208 Romam
948 2147 1058 2208 litteras

10 2290 19 2319 ι
57 2231 149 2307 misit,
179 2232 293 2292 monitis
317 2230 563 2310 speculatoribus,
585 2241 616 2292 ut
635 2231 769 2291 vehiculo
795 2230 830 2292 ad
852 2231 945 2291 forum
966 2249 1058 2310 usque

58 2323 87 2374 et
104 2315 209 2376 curiam
225 2314 446 2394 pedeuderent,
470 2334 524 2376 nec
539 2316 593 2376 nisi
603 2317 637 2375 'in
653 2314 726 2375 aede
741 2315 840 2376 Martis
856 2333 891 2376 ac
906 2315 1058 2394 frequente

10 2410 48 2459 tm
57 2406 159 2459 senatu
177 2397 343 2459 consulibus
359 2398 514 2460 traderent.
1015 2448 1016 2452 ,

119 2481 204 2560 llox,
227 2483 379 2543 deficiente
403 2482 472 2542 belli
493 2486 626 2561 materia,
651 2501 762 2562 paucos
781 2483 817 2543 de
839 2481 967 2542 custodia
989 2479 1098 2544 Ger-45

55 2583 158 2626 manos
187 2567 269 2627 traici
292 2567 445 2646 occulique
474 2577 551 2628 trans
573 2568 702 2629 Rhenum
727 2568 823 2645 iussit,
845 2585 880 2627 ac
910 2565 965 2626 sibi
992 2574 1059 2645 post

56 2650 206 2730 prandium
223 2668 306 2729 quam
321 2652 574 2712 tumultuosissime
592 2651 697 2712 adesse
716 2650 829 2712 hostem
841 2651 972 2709 nuntiari.
994 2649 1057 2723 Quo

54 2735 151 2811 facto,
180 2735 322 2814 proripuit
345 2752 378 2795 se
401 2753 464 2795 cum
487 2737 586 2796 amicis
602 2744 630 2795 et
653 2743 735 2814 parte
754 2736 879 2814 equitum
902 2734 1057 2812 praetoria·

10 2835 158 2890 ,sonorum
185 2819 213 2877 in
236 2819 395 2897 proximam
423 2818 540 2896 silvam,
574 2820 770 2898 truncatisque
795 2817 946 2878 arboribus
976 2816 1058 2874 etin

53 2901 171 2962 modum
192 2910 379 2981 tropaeorum
397 2901 558 2982 adornatis,
583 2902 619 2964 ad
641 2903 746 2964 lumina
769 2919 922 2976 reversus,
959 2915 1058 2958 eorum

53 2985 172 3065 quidem
189 2987 236 3064 qui
253 2987 345 3046 secuti
362 3002 419 3045 non
441 2996 539 3047 essent
560 2987 736 3047 timiditatem
758 2994 786 3046 et
807 2985 949 3062 ignaviam
969 2984 1056 3042 corri-

53 3069 132 3149 puit,
154 3070 274 3129 comites
296 3077 389 3130 autem
411 3077 439 3129 et
456 3071 615 3150 participes
636 3070 775 3129 victoriae
798 3085 875 3128 novo
897 3083 1007 3144 genere
1023 3083 1058 3126 ac

52 3153 170 3212 nomine
198 3170 367 3214 coronarum
386 3151 518 3231 donavit,
546 3172 617 3233 quas
643 3153 792 3213 distinctas
815 3151 885 3211 solis
916 3167 950 3210 ac
972 3149 1056 3209 lunae

11 3251 43 3298 ss
54 3235 239 3315 siderumquc
254 3237 355 3315 specie
372 3236 584 3314 exploratorias
599 3236 768 3315 appellavit.
811 3236 921 3295 Rursus
940 3232 1057 3294 obsides

54 3319 196 3399 quosdam
213 3319 355 3381 abductos
370 3338 387 3380 e
402 3320 541 3382 litterario
557 3320 624 3381 ludo
641 3320 773 3398 clamque
793 3317 987 3398 praemissos,
1009 3316 1057 3377 de·

53 3413 135 3464 serto
156 3412 278 3483 repente
300 3404 453 3481 convivio,
477 3423 540 3464 cunr
561 3405 688 3483 equitatu
708 3405 856 3463 insecutus
877 3400 967 3462 veluti
990 3419 1057 3481 pro·

54 3488 143 3566 fugos
165 3506 200 3548 ac
218 3487 415 3567 reprehensos
445 3488 473 3547 iu
504 3489 613 3550 catenis
641 3486 770 3557 reduxit;
798 3487 828 3546 in
859 3485 916 3546 hoc
941 3502 1058 3565 quoquc
