2256 3930
127 200 166 264 16
215 216 244 263 c.
262 216 409 265 sonnour
424 215 549 274 nanno.
564 215 611 261 os
626 214 709 263 vrnn
723 212 908 263 onustans
921 214 993 263 nus.
1009 214 1035 261 n.

123 370 264 446 peiusque
277 369 476 443 confugerant,
495 366 953 444 quamprimumtransfretaturi.
983 364 1048 427 Hos
1065 366 1117 427 fru-

122 459 181 510 stra
203 469 257 528 per
276 453 366 509 omnis
384 468 477 509 moras
494 452 573 509 exitu
589 449 747 527 probibere
765 457 903 526 conatus,
923 448 1050 509 Romam
1065 451 1116 511 ilar

122 535 268 593 convertit
288 533 498 611 appellatisque
517 533 552 592 de
573 533 736 610 republica
756 532 904 610 patribus,
926 532 1115 593 ualidissimas

121 615 240 694 Pompei
266 618 384 693 copias,
413 633 486 693 quae
509 615 561 675 sub
585 616 677 674 tribus
699 615 805 692 legatis
829 614 866 674 H.
890 615 1016 677 Petreio
1039 614 1113 677 etl.

120 698 242 758 Afranio
260 708 289 758 et
304 698 341 757 Μ.
358 698 490 758 Varrone
509 700 537 757 in
555 697 690 776 Hispania
706 708 804 775 erant,
822 700 930 758 invasit
936 740 947 776 ,
965 698 1114 777 professus

121 790 187 841 ante
208 785 283 842 inter
305 800 392 859 snos,
415 786 460 842 ire
473 801 505 842 se
525 785 566 841 od
585 786 748 843 exercitum
762 786 825 843 sine
839 784 929 854 duce,
946 784 1063 845 eliade
1074 800 1114 845 re

120 883 273 927 aerearum
300 867 343 925 ad
368 868 471 927 ducem
495 869 559 925 sine
587 870 729 925 exercitu.
778 862 816 923 Et
844 882 1017 943 quamquam
1042 866 1113 925 obsi-

119 947 204 1008 dione
222 947 385 1024 Massiliae,
407 948 553 1026 quaesibi
573 948 603 1006 in
621 949 725 1007 itinere
741 956 840 1026 portas
860 948 1028 1027 clauserat,
1047 968 1114 1011 suut·

115 1056 218 1115 maque
247 1038 449 1096 frumentariae
475 1038 518 1094 rei
545 1037 681 1114 paenuria
706 1034 887 1112 retardante,
917 1036 1004 1095 bravi
1028 1044 1118 1097 tanuen

118 1122 211 1181 omnia
236 1120 361 1197 subegit.
404 1120 478 1179 Hinc
502 1119 572 1178 urbe
595 1121 732 1198 repetita,
755 1122 784 1179 in
806 1118 1010 1181 Macedoniam
1032 1128 1117 1181 traua·

117 1223 249 1282 gressus,
267 1204 445 1282 Pompeium,
462 1222 516 1281 per
534 1213 667 1282 quattuor
684 1222 777 1282 paene
792 1222 908 1264 menses
923 1205 1060 1265 maximis
1071 1203 1116 1263 ob

118 1308 229 1349 sessum
253 1288 408 1367 operibus,
433 1287 469 1346 ad
491 1297 648 1347 extremum
671 1286 838 1348 Pharsalico
860 1288 974 1366 praelio
1000 1288 1119 1349 foditat

117 1373 275 1449 lugientem
293 1370 497 1431 Alexandriam
521 1380 707 1450 persecutus,
725 1380 755 1431 nt
771 1372 899 1432 occisum
916 1370 1117 1451 deprehendit,

119 1473 182 1515 cnm
198 1455 365 1514 Ptolemaeo
381 1473 470 1531 rege,
497 1472 587 1533 aquo
604 1456 659 1515 sibi
677 1472 793 1534 quoque
811 1455 929 1516 insidias
944 1456 1029 1517 tendi
1046 1456 1117 1517 uide

118 1538 179 1615 bat,
195 1538 302 1598 bellum
319 1557 388 1597 sane
405 1538 602 1598 difficillimum
618 1542 728 1616 gessit,
746 1558 841 1618 neque
853 1540 922 1600 loco
939 1557 1040 1619 nequa
1053 1549 1118 1601 teur-

117 1640 191 1702 pore
210 1640 321 1700 aequo,
344 1622 396 1681 sed
416 1622 509 1682 hieme
528 1626 592 1682 anni
611 1633 639 1683 et
654 1625 726 1682 intra
742 1625 856 1684 moenia
875 1624 1074 1703 copiosissimi
1087 1641 1120 1684 ac

117 1706 311 1767 sollertissimi
325 1706 433 1783 bostis,
456 1707 541 1786 inops
563 1709 627 1785 ipse
649 1709 772 1767 omnium
792 1726 889 1767 rerum
903 1717 994 1786 atque
1009 1709 1118 1787 inpara-

116 1801 171 1850 tus.
216 1792 348 1867 Regnum
363 1790 493 1868 Aegypti
515 1792 608 1850 victor
632 1789 807 1870 Cleopatrae
822 1792 969 1870 'fratrique
990 1792 1055 1853 eius
1073 1790 1118 1851 uni·

117 1875 180 1934 nori
199 1876 344 1953 permisit,
361 1877 470 1934 veritus
486 1875 664 1953 provinciam
680 1875 797 1952 facere,
814 1893 851 1935 ne
869 1874 1048 1955 quandoque
1062 1876 1120 1935 ulo

116 1959 269 2018 lentiorem
300 1958 464 2036 praesidem
487 1967 570 2019 nacta
596 1975 734 2018 novarum
760 1977 856 2019 rerum
881 1960 1005 2020 materia
1033 1966 1120 2019 esset

115 2042 162 2101 Ab
179 2042 355 2102 Alexandria
371 2044 399 2100 in
415 2042 527 2116 Syriam
544 2051 573 2101 et
588 2042 654 2101 inde
669 2042 789 2102 Pontum
803 2044 931 2120 transiit,
948 2042 1121 2121 urgentibus

115 2127 152 2186 de
168 2126 316 2186 Pharnace
337 2127 458 2202 nuntiis,
484 2144 568 2203 quem
589 2125 758 2186 Mithridatis
774 2126 873 2203 lllagni
890 2127 981 2187 fllium
1004 2145 1040 2187 ac
1057 2136 1123 2187 tunc

115 2212 273 2270 occasione
300 2219 460 2288 temporum
482 2209 639 2269 bellantem
665 2211 778 2288 iamque
805 2210 957 2289 multiplici
982 2226 1123 2272 successu

115 2294 334 2373 praeferocem,
363 2295 435 2353 intra
457 2294 585 2370 quintum
608 2312 691 2372 quam
707 2294 845 2369 ¹adfuerat
867 2294 958 2372 diem,
988 2303 1123 2375 quatiunt

116 2376 219 2456 quibus
242 2377 270 2434 iu
288 2386 477 2454 conspectum
492 2378 571 2435 venit
586 2377 681 2454 horis,
704 2396 759 2436 una
776 2377 943 2457 profligauit
960 2380 1042 2449 acia:
1062 2396 1120 2439 cre·

115 2461 169 2518 bro
189 2476 417 2519 commemorans
428 2460 548 2538 Pompei
563 2461 746 2538 felicitatem,
765 2463 811 2521 cui
827 2462 989 2541 praecipua
1003 2462 1122 2523 militias

115 2544 178 2602 lans
196 2542 231 2600 de
247 2551 304 2602 tam
325 2541 425 2601 inbelli
440 2560 551 2618 genere
572 2543 696 2604 hostium
715 2546 894 2623 contigisset.
925 2545 1122 2607 Debinc'Soi·

115 2627 232 2706 pionem
254 2644 289 2685 ac
310 2624 409 2686 iubam
431 2627 570 2704 reliquias
592 2630 713 2707 partium
733 2630 761 2687 in
779 2628 879 2689 Africa
894 2630 1062 2691 refoventis
1076 2629 1121 2689 do

79 2710 198 2784 tavicit,
218 2709 339 2788 Pompei
363 2709 472 2770 liberos
492 2712 520 2769 in
534 2711 682 2789 Hispania.
728 2712 865 2773 Omnibus
881 2712 1020 2775 civilibus
1037 2713 1120 2775 bellis

114 2794 221 2853 nullam
244 2794 355 2854 cladem
377 2795 431 2853 nisi
452 2813 506 2873 per
521 2788 722 2872 legatos‘snos
738 2815 842 2875 passus
864 2805 925 2874 est,
947 2814 1075 2877 qnorum
1089 2794 1118 2858 ll.

115 2877 203 2938 Curio
220 2878 248 2935 in
264 2878 364 2938 Africa
381 2879 482 2956 periit,
506 2877 538 2939 Ο.
555 2879 698 2939 Antonius
713 2882 741 2939 in
756 2880 874 2956 illyrico
889 2880 919 2939 in
936 2880 1117 2943 adversario·

113 2981 175 3021 rum
192 2961 309 3021 devenit
325 2970 514 3041 potestatem,
531 2963 561 3022 P.
576 2962 732 3024 Dolabella
748 2965 871 3025 classem
886 2963 916 3023 in
933 2965 1043 3027 eodem
1055 2965 1115 3040 lily·

113 3048 191 3122 rico,
215 3044 273 3105 GN.
293 3046 436 3105 Domitius
453 3045 589 3106 Calvinus
611 3048 639 3105 in
655 3047 747 3107 Ponto
771 3049 931 3109 exercitum
953 3050 1114 3111 amiserunt

112 3129 182 3208 lpse
200 3132 398 3208 prosperrime
414 3148 578 3208 semperne
593 3150 629 3190 ne
646 3133 764 3210 ancipiti
780 3132 895 3211 quidem
913 3152 1051 3213 umquam
1065 3132 1113 3194 for·

112 3222 195 3288 tuna,
213 3222 416 3293 praeterquam
432 3213 492 3288 bis,
512 3214 669 3275 dimicavit:
692 3216 782 3275 semel
798 3216 834 3277 ad
847 3216 1059 3295 Dyrrachium,
1074 3208 1128 3277 ubl

113 3297 227 3373 pulsus,
251 3315 309 3356 non
331 3299 454 3357 instante
477 3297 634 3377 Pompeio,
661 3302 778 3376 negavit
800 3319 864 3360 enm
884 3302 1007 3362 vincera
1034 3303 1111 3375 scire,

112 3380 214 3436 iterum
225 3381 252 3438 in
264 3381 403 3460 Hispania
414 3381 512 3441 ultimo
528 3384 641 3460 proelio
678 3402 740 3443 oum
756 3384 921 3463 desperatis
932 3385 1024 3446 rebus
1037 3388 1111 3447 etinn

112 3460 148 3519 de
166 3465 374 3526 consciscenda
391 3483 465 3524 nece
485 3469 632 3539 cogitavit.
