2286 3944
170 185 230 248 148
274 195 305 243 c.
317 193 466 244 ιιιιιιοιιι
482 194 611 255 annuo
624 195 672 242 na
687 195 772 243 vrrs
787 195 982 247 causam
997 173 1070 248 ure.
1083 202 1115 249 v.

167 352 214 430 pia
235 350 365 410 decrerit
387 356 416 406 et
438 346 599 408 Germanici
626 366 790 426 cognomen
811 352 870 429 ipsi
892 355 1089 433 posterisque
1111 356 1143 414 ei

165 434 269 495 Fuisse
286 442 380 492 autem
396 431 523 490 creditur
537 449 594 491 non
610 435 701 491 miuus
717 433 843 509 gloriosi
860 452 948 512 qnam
969 437 1126 497 civilis'
1084 457 1143 500 amo

166 537 230 578 nam
246 536 282 576 ex
297 516 382 576 hoste
398 533 487 613 snper
509 518 648 576 victorias
669 518 764 594 opima
785 534 904 597 quoque
922 521 1024 599 spolia
1048 532 1139 602 capta

166 618 334 680 summoque
356 601 475 676 saepius
495 599 659 659 discrimine
681 599 771 659 duces
794 599 1010 664 Germanorum
1035 614 1097 666 tota
1117 625 1143 666 a·

166 687 339 753 insectatns;
373 699 429 742 nec
455 682 651 743 dissimulasse
676 701 809 763 umquam
839 686 997 764 pristinum
1024 707 1060 748 se
1085 692 1126 749 rei

167 778 287 844 statum,
318 767 491 846 quandoque
522 777 639 846 posset,
672 770 878 828 restituturum.
923 771 1014 832 Unde
1048 775 1141 833 exis*

167 852 323 913 nonnullos
343 851 457 911 tradere
478 868 583 928 ausos,
614 861 780 930 suspectum
808 870 872 912 eum
896 853 1039 931 Augusto
1062 873 1143 917 revo

167 947 284 1015 tumque
306 955 344 996 ex
366 935 515 1013 provincia
543 943 572 994 et
594 936 660 1013 quia
682 944 881 1012 cunctaretur,
908 938 1110 1017 interceptum
1137 965 1139 975 ·

167 1038 254 1080 neno
305 1019 388 1116 Quod
422 1018 553 1097 equidem
584 1019 676 1096 magis
706 1037 743 1078 ne
772 1022 1043 1098 praetermitterem
1073 1033 1136 1083 ret

168 1122 253 1184 quarn
281 1104 346 1182 quia
378 1121 478 1162 verum
506 1111 554 1162 aut
578 1105 642 1162 veri
673 1102 764 1162 simile
793 1111 905 1181 putem,
935 1123 1002 1166 cum
1030 1105 1133 1185 Augus

167 1197 247 1248 tanto
264 1204 356 1286 opere
378 1195 406 1245 et
428 1188 523 1246 vivum
539 1185 687 1263 dilexerit,
716 1195 747 1246 ut
768 1185 947 1247 coheredem
968 1208 1091 1269 semper
1114 1191 1139 1251 iil

167 1272 335 1345 instituerit,
365 1271 439 1328 sicot
461 1268 635 1366 qnondam
627 1289 655 1329 m
678 1279 778 1329 senatu
800 1271 956 1349 professus
980 1283 1045 1350 est
1078 1282 1106 1334 et
1134 1280 1143 1328 ιι

166 1519 350 1599 quandoque
372 1521 485 1580 exitum
502 1519 616 1581 dorcet
631 1539 723 1600 quom
738 1521 786 1582 illi
803 1521 972 1582 dedissent.
1018 1523 1086 1584 Nec
1110 1542 1141 1584 co

165 1611 260 1662 tentus
291 1603 417 1679 elogium
446 1605 554 1664 tumulo
583 1608 645 1664 eius
672 1605 805 1665 versibus
833 1624 849 1665 a
875 1624 907 1665 se
934 1609 1142 1686 compositis'

166 1686 344 1764 sculpsisse,
372 1689 457 1746 etiam
473 1690 549 1748 vitae
564 1691 730 1749 memoriam
747 1706 834 1768 prosa
850 1690 985 1750 oratione
1002 1709 1134 1771 compos

225 1769 272 1830 Ex
288 1771 413 1831 Antonia
430 1773 541 1831 minore
565 1773 730 1850 complures
752 1773 865 1852 quidem
884 1772 998 1834 liberos
1018 1776 1141 1851 tulit,r

165 1873 228 1914 rum
247 1863 307 1914 tres
329 1856 443 1915 omnino
461 1856 596 1934 reliquit:
619 1856 829 1930 Germanicum
854 1856 998 1935 Livillam,
1015 1857 1139 1919 Claudio

132 1947 150 2002 ι
231 1937 465 1999 claudicemus
481 1939 612 2000 estlulio
631 1940 775 2018 Antonio,
806 1939 898 2000 Fabio
914 1940 1059 2002 Africano

166 2023 213 2086 Kl.
235 2022 312 2102 Aug.
328 2023 492 2102 Luguduni,
527 2042 562 2084 eo
583 2026 647 2103 ipso
676 2025 722 2084 die
748 2041 804 2102 quo
833 2025 956 2102 primum
979 2044 1029 2086 ara
1056 2027 1095 2085 ibi
1142 2063 1143 2072 a

167 2119 254 2186 gnsto
272 2109 404 2168 dedicata
428 2119 487 2185 est,
511 2109 732 2188 appellatusque
750 2108 883 2169 'liberius
900 2107 1041 2169 Claudius

165 2192 236 2252 lllox
255 2193 345 2252 fratre
366 2196 475 2254 maiore
496 2193 524 2251 in
542 2193 642 2252 luliam
666 2192 801 2252 familiam
826 2191 982 2271 adoptato,
1012 2191 1132 2256 Germa'

167 2293 333 2352 cognomen
348 2279 510 2355 assumpsit
553 2275 1045 2354 lnlansautemrelictusepatre,
1070 2294 1102 2336 ao
1131 2309 1137 2321 ν

167 2376 251 2417 omne
269 2360 332 2417 lere
349 2363 490 2435 pueritiae
507 2369 593 2440 atque
609 2360 823 2421 adulescentiae
839 2368 953 2438 tempus
970 2363 1058 2421 variis
1080 2368 1106 2418 et
1126 2381 1127 2395 ι

163 2439 284 2498 necibus
314 2440 423 2500 morbis
454 2443 636 2504 conflictatus
663 2453 723 2520 est,
755 2443 828 2503 adeo
855 2452 885 2502 ut
911 2443 1009 2504 animo
1038 2441 1132 2504 simul

165 2539 290 2600 corpore
306 2522 460 2600 hebetato,
491 2545 528 2584 ne
551 2544 710 2603 progressa
732 2527 848 2606 quidem
869 2535 965 2586 aetate
982 2527 1034 2586 ulli
1053 2523 1138 2621 publi

164 2607 341 2685 privatoque
365 2611 475 2666 muneri
497 2608 601 2668 habilis
629 2612 851 2670 existimaretur
894 2609 950 2668 Diu
973 2620 1060 2688 atque
1084 2607 1126 2668 eti

164 2699 233 2770 post
248 2689 365 2749 tutelam
383 2701 532 2768 receptam
550 2693 637 2752 alieni
658 2694 767 2754 arbitrii
783 2702 812 2753 et
834 2692 886 2753 sub
904 2693 1080 2772 paedagogo
1097 2688 1143 2749 lul·

165 2792 249 2853 quern
269 2772 422 2833 barbarum
443 2784 472 2834 et
494 2774 561 2835 olim
583 2779 869 2877 superiumentarium
890 2795 928 2836 ex
951 2771 1123 2837 industria
1108 2791 1124 2831 s

164 2858 341 2936 appositum,
372 2867 403 2917 ut
417 2877 449 2918 se
467 2859 696 2938 quibuscumque
719 2860 755 2920 de
781 2863 875 2921 causis
898 2878 985 2938 quam
1003 2857 1135 2922 saeviss'

165 2950 335 3017 coerceret,
365 2943 430 3021 ipse
448 2943 571 3022 quodam
589 2943 691 3003 libello
710 2945 905 3022 conqueritur.
950 2943 996 3004 Ob
1014 2944 1085 3004 banc
1098 2958 1123 2998 :c

165 3026 229 3085 dem
255 3025 440 3086 valitudinem
466 3036 494 3086 et
521 3026 694 3105 gladiatorio
723 3046 858 3104 munere,
890 3027 968 3106 quod
995 3026 1076 3088 simul
1101 3041 1114 3082 c
1142 3061 1143 3066 κ

163 3110 254 3168 ιιιιιι
269 3111 425 3170 memoriae
440 3111 530 3189 patris
552 3110 672 3209 edebat,
704 3111 872 3188 palliolatus
886 3128 964 3173 noro
989 3127 1099 3187 morep
1126 3139 1128 3144 ¹

163 3193 253 3260 sedit;
274 3203 302 3252 ιι
317 3203 406 3272 togae
421 3194 512 3255 virilis
529 3195 575 3254 die
594 3195 671 3254 circa
687 3195 809 3255 mediam
823 3203 941 3255 noctem
956 3198 1020 3256 sine
1036 3193 1123 3255 solle

127 3275 262 3338 cosneio
292 3278 435 3340 lectica
426 3297 455 3338 ιιι
479 3277 653 3358 Capitolium
681 3279 755 3339 latus
782 3287 835 3338 est.
879 3277 1051 3358 Disciplinis
1075 3286 1128 3336 tao

162 3357 332 3420 liberalibus
355 3363 391 3421 ab
409 3371 504 3424 aetate
521 3364 610 3442 prima
637 3379 694 3420 non
710 3362 888 3423 mediocrem
904 3379 1026 3442 operam
1042 3361 1113 3423 dedit

162 3457 254 3519 saepe
284 3447 484 3522 experimenta
512 3447 649 3524 cuiusque
676 3447 762 3506 etiam
783 3444 952 3525 publicavit
997 3449 1103 3509 Verum
