2286 3944
199 496 264 654 ¹O.
297 571 535 656 SUETONI
564 574 902 661 TRANQUILLI

69 756 198 858 nu
250 756 482 858 urus
538 755 1053 860 chasanum

446 956 583 1022 LIBER
607 956 684 1022 VII.

214 1146 384 1219 oms.
433 1147 575 1222 ΟῚἯΟ.
627 1148 886 1222 mumma.

449 1356 682 1370 ——--

484 1458 638 1549 osuur'.

29 1673 44 1716 s
121 1649 287 1726 Progenies
310 1646 468 1708 Caesarum
490 1649 519 1707 in
544 1648 663 1711 Nerone
687 1650 809 1711 defecit:
835 1653 1085 1730 quodfuturum,1

56 1732 260 1811 compluribus
272 1731 387 1810 quidem
398 1733 500 1809 signis,
511 1733 563 1792 sed
574 1734 623 1793 rel
641 1735 863 1795 evidentissimis
880 1735 993 1796 duobus
1009 1753 1058 1813 ap·

55 1817 165 1898 paruit.
194 1816 304 1892 Liviae,
317 1815 386 1876 olim
402 1825 472 1894 post
488 1815 611 1893 Augusti
626 1820 721 1878 statim
739 1820 852 1895 nuptias
869 1820 1060 1880 Veientanum

56 1918 143 1961 suum
154 1901 304 1977 reuisenti,
321 1900 544 1978 praetervolans
557 1901 908 1979 aquilagalliuamalbam,
922 1899 1060 1960 ramulum

56 1984 134 2044 lauri
151 1992 248 2043 rostro
266 1991 427 2060 tenentem,
445 1984 484 2042 ita
503 1992 532 2042 ut
549 1979 701 2062 rapuerat,
725 1983 838 2043 demisit
856 1987 884 2042 in
903 1985 1059 2061 gremium

17 2087 50 2132 so
59 2085 184 2146 cumque
196 2066 297 2127 nutriri
312 2067 417 2144 alitem,
430 2068 521 2146 pangi
532 2068 670 2127 ramulum
683 2066 859 2146 placuisset,
876 2076 954 2128 tanta
965 2066 1059 2147 pullo·

58 2169 123 2210 rum
135 2149 255 2210 suboles
266 2153 419 2239 provenit,
432 2160 462 2209 ut
473 2150 620 2229 hodieque
635 2169 669 2209 ea
685 2150 756 2210 villa
776 2149 811 2209 ad
827 2150 954 2211 Gallinas
970 2167 1058 2210 voce·

56 2243 118 2312 tur,
129 2235 188 2295 tale
199 2250 278 2294 vero·
284 2234 436 2312 lauretum,
450 2242 479 2293 ut
488 2235 688 2312 triumphaturi
701 2232 845 2294 Caesares
858 2236 924 2295 inde
945 2235 1060 2295 laureas

59 2316 273 2398 decerperent;
285 2319 395 2398 fuitque
407 2336 471 2377 mos
489 2317 739 2397 triumphantibus,
756 2317 822 2378 illas
840 2319 992 2379 confestim
1010 2335 1059 2378 eo·

59 2401 127 2464 dem
138 2402 206 2463 loco
218 2420 364 2482 pangere;
379 2410 408 2461 et
420 2401 606 2462 observatum
617 2411 672 2479 est,
686 2402 738 2462 sub
751 2403 890 2482 cuiusque
900 2403 1059 2463 obitumar·

19 2509 50 2554 ιι
60 2487 165 2546 borem
175 2486 211 2546 ab
223 2489 289 2566 ipso
302 2487 457 2546 institutam
469 2485 646 2564 elanguisse.
669 2485 752 2564 Ergo
764 2489 922 2549 novissimo
933 2488 1060 2548 Neronis

59 2587 138 2631 anno
150 2579 179 2630 et
192 2569 266 2630 silva
279 2572 371 2630 omnis
387 2571 500 2629 exaruit
510 2571 664 2646 radicitus,
682 2579 711 2629 et
728 2571 864 2650 quidquid
882 2573 921 2630 ibi
938 2570 1059 2648 gallina-

58 2672 124 2714 rum
142 2662 204 2714 erat
221 2655 342 2724 iuteriit;
359 2672 394 2714 ao
415 2653 535 2714 subinde
551 2663 628 2715 tacta
643 2654 679 2714 de
698 2655 783 2714 caelo
803 2655 959 2715 Caesarum
977 2652 1058 2731 aede,

61 2739 160 2816 capita
180 2737 311 2799 omuibus
329 2737 412 2800 siurul
429 2740 531 2799 statuis
547 2738 733 2816 deciderunt,
750 2738 874 2816 Augusti
893 2740 978 2798 etiam
995 2754 1058 2796 soe-

61 2830 158 2901 ptruru
170 2839 187 2880 e
200 2822 330 2882 manibus
349 2840 502 2881 excussum
517 2831 571 2882 est.

28 2928 51 2971 a
126 2905 236 2964 Neroni
248 2905 340 2971 Galba
351 2907 494 2966 successit
508 2907 586 2967 nullo
605 2906 697 2984 gradu
716 2909 888 2984 contingens
902 2903 1088 2966 caesaruma

61 2989 187 3066 domum,
201 2989 253 3049 sed
264 2989 340 3050 haud
352 2989 437 3050 dubie
447 2989 643 3050 nobilissimus
654 3008 817 3067 magnaque
830 2999 860 3048 et
874 2997 976 3048 vetere
991 3006 1058 3066 pro-

58 3074 153 3152 sapia,
165 3083 195 3133 ut
207 3075 256 3152 qui
267 3083 422 3134 statuarum
436 3073 526 3133 titulis
537 3083 731 3152 pronepotem
742 3091 774 3132 se
788 3073 884 3147 Quinti
896 3071 990 3132 Catuli
1005 3070 1058 3133 Ga·

57 3156 174 3236 pitolini
186 3175 303 3237 semper
320 3158 506 3236 ascripserit,
526 3159 686 3236 imperator
704 3173 776 3216 vero
793 3158 877 3217 etiam
892 3165 1011 3216 stemma
1030 3157 1059 3216 iu

58 3241 135 3300 atrio
148 3244 348 3321 proposuerit,
360 3258 417 3322 quo
426 3249 575 3320 paternam
587 3241 729 3318 originem
741 3239 777 3300 ad
786 3240 895 3318 lovem,
903 3249 1059 3301 maternam

22 3345 47 3388 ru
56 3323 95 3384 ad
108 3324 280 3403 Pasiphaam
294 3325 399 3386 hlinois
416 3342 536 3385 uxorem
548 3325 683 3384 referret.

123 3407 269 3487 Imagines
281 3420 311 3470 et
322 3411 421 3488 elogia
433 3411 560 3469 universi
573 3409 692 3487 generis
706 3408 938 3489 exequilongum
951 3419 1005 3480 est,
1018 3408 1082 3469 far-s
