2286 3944
465 283 569 332 nuno.
967 272 1025 331 197

15 441 179 520 libellique
196 456 260 499 cum
282 436 451 516 quibusdam
470 437 626 497 notissimis
645 437 795 513 versibus,
818 437 909 515 ipsius
931 436 1024 498 chiro

17 524 143 605 grapho
158 523 289 603 scriptis,
312 530 341 582 ut
356 521 443 581 iacile
461 529 618 600 appareret
633 537 690 579 non
701 521 823 581 tralatos
838 531 885 581 aut
900 521 1024 583 dictante

17 610 126 688 aliquo
139 614 298 685 exceptos,
317 605 369 668 sod
381 605 467 684 plane
481 605 562 683 quasi
575 623 591 664 a
605 605 751 681 cogitante
763 613 850 682 atque
864 614 1024 682 generante

19 700 181 760 escroton
194 692 233 750 ita
240 688 328 749 multa
340 698 369 748 et
379 688 475 748 deleta
486 698 516 748 et
526 687 640 747 inducta
653 696 682 746 ct
692 690 891 766 superscripta
902 690 1022 750 inerant.

17 775 134 839 llabcit
145 783 175 833 et
187 772 324 852 pingendi
339 772 523 849 fingendique
539 790 596 831 non
611 771 758 831 mediocre
771 771 901 831 studium.
1031 779 1066 831 53

88 859 216 920 blaxime
231 864 326 918 antem
337 856 531 935 popularitate
546 855 733 932 efferebatur,
746 856 870 914 omniurn
883 856 1023 934 aemulus,

20 946 74 1024 qni
88 958 208 1020 quoquo
224 939 311 1000 modo
324 941 444 999 animum
454 939 535 1016 vulgi
548 948 709 998 moverent.
743 938 821 998 Exiit
833 940 943 1018 opinio,
957 948 1024 1018 post

19 1026 181 1087 scaenicas
193 1042 317 1085 coronas
330 1025 461 1101 proximo
473 1023 565 1083 lustro
578 1023 784 1082 descensurum
796 1041 861 1082 eom
879 1024 915 1082 ad
927 1021 1023 1098 Olym·

19 1112 75 1190 pia
87 1110 164 1169 inter
176 1108 312 1176 athletas;
331 1125 396 1167 narn
408 1115 436 1166 et
448 1106 608 1167 luctabatur
624 1107 749 1184 assidue,
766 1124 821 1166 nec
834 1107 917 1166 aliter
930 1115 1022 1168 certa-

21 1194 105 1254 mina
121 1193 257 1269 gymnica
276 1199 336 1250 tota
359 1189 480 1251 Graecia
507 1199 693 1268 spectaverat
713 1209 796 1269 quam
821 1190 1023 1251 brabeutarum

19 1294 110 1339 nore
125 1278 155 1334 in
166 1275 256 1336 stadio
269 1274 344 1333 humi
358 1274 488 1333 assidens
500 1291 545 1351 ac,
558 1276 582 1332 si
595 1293 650 1353 qua
661 1275 741 1352 paria
753 1275 868 1352 longius
879 1275 1023 1334 recessis-

20 1368 102 1437 sent,
115 1359 145 1418 in
156 1358 277 1418 medium
289 1357 419 1418 manibus
431 1360 490 1416 sois
505 1358 687 1435 protrahens.
710 1357 915 1418 Destinaverat
927 1361 1022 1436 etiarn,

21 1446 96 1525 qnia
106 1441 273 1520 Apollinem
285 1449 379 1518 cantu,
392 1441 491 1501 Solem
503 1440 661 1517 aurigando
675 1443 866 1520 aequiperare
879 1443 1022 1502 existima·

16 1537 118 1602 retur,
130 1525 233 1586 imitari
246 1534 274 1585 et
283 1525 417 1585 Herculis
429 1525 519 1593 lacta;
537 1533 797 1604 praeparatumque
810 1526 924 1584 leonem
937 1530 1022 1603 aiunt,

19 1628 115 1692 quem
127 1608 175 1668 vel
187 1609 270 1669 clava
281 1607 330 1667 vel
342 1608 524 1668 brachiorum
536 1608 657 1668 nexibus
675 1609 703 1667 in
721 1609 922 1688 amphitheatri
935 1628 1022 1670 arena

18 1700 181 1774 spectante
198 1691 309 1772 populo
319 1691 411 1750 nudus
423 1691 553 1751 elideret.
590 1691 648 1751 Sub
662 1695 739 1752 exitu
757 1691 871 1772 quidem
883 1693 960 1753 vitae
974 1711 1021 1772 pa·
1030 1699 1064 1754 54

17 1779 84 1840 lanu
101 1785 233 1852 voverat,
245 1777 269 1834 si
277 1774 331 1833 sibi
342 1775 494 1835 incolumis
506 1784 595 1835 status
611 1779 827 1855 permansisset,
845 1776 1023 1854 proditurum

19 1880 56 1923 se
72 1867 174 1939 partae
186 1859 326 1918 victoriae
338 1858 412 1917 ludis
424 1863 508 1918 etiam
520 1859 687 1934 hydraulam
698 1869 727 1919 et
739 1859 905 1920 choraulam
917 1869 946 1918 et
955 1860 1022 1918 utri-

18 1943 184 2019 cularium,
200 1961 235 2002 ac
246 1943 403 2001 novissimo
424 1941 470 2003 die
488 1942 656 2002 histrionem
674 1943 898 2020 saltaturumque
916 1941 1023 2018 Virgili

22 2028 166 2090 Turnum.
197 2025 236 2086 Et
247 2034 312 2084 sunt
324 2027 370 2104 qui
383 2026 503 2102 tradant,
515 2026 646 2085 Paridem
660 2025 829 2085 histrionem
841 2027 969 2084 occisum
986 2023 1022 2084 ab

19 2127 62 2173 eo
76 2111 160 2187 quasi
171 2127 291 2187 gravem
304 2107 507 2169 adversarium.
528 2109 599 2169 Erat
610 2109 652 2168 illi
661 2109 837 2167 aeternitatis
851 2109 1064 2186 perpetuae-55

19 2211 86 2275 qne
106 2192 200 2253 lamae
221 2192 337 2271 cupido,
355 2192 407 2252 scd
425 2193 596 2252 inconsulta.
630 2191 760 2270 Ideoque
776 2192 871 2252 multis
889 2191 976 2250 rebus
988 2210 1023 2252 ac

17 2277 113 2353 locis,
125 2286 226 2336 vetere
239 2275 436 2354 appellatione
452 2275 597 2352 detracta,
617 2293 721 2335 novam
739 2275 840 2335 indixit
858 2294 895 2335 ex
907 2291 959 2335 suo
971 2292 1023 2336 no·

17 2361 120 2437 rniue,
131 2378 260 2419 mensem
278 2377 393 2439 quoque
411 2359 542 2438 Aprilem
558 2359 724 2420 Neroneum
742 2359 916 2439 appellavit;
936 2358 1022 2420 desti·

18 2450 148 2507 neverat
160 2452 188 2502 et
198 2445 319 2503 Romam
328 2442 500 2522 Neropolim
511 2462 686 2521 nuncupare.

88 2525 274 2604 Religionum
282 2545 374 2605 usque
384 2546 497 2606 quaque
511 2536 704 2606 contemptor,
718 2535 835 2606 praeter
847 2530 928 2588 unius
939 2527 1020 2588 Deae
1029 2522 1064 2578 5⁶

20 2610 141 2687 Syriae.
162 2609 244 2670 Hanc
255 2628 323 2670 mox
334 2612 845 2688 itasprevitutnriuacontaminaret,
858 2613 1020 2689 aliasuper·

21 2695 145 2756 stitione
158 2702 275 2772 captus,
293 2694 387 2772 inqua
408 2695 471 2754 sola
488 2696 718 2774 pertinacissime
738 2694 840 2754 haesit.
874 2694 1022 2772 Siquidem

19 2775 188 2839 leunculum
205 2777 375 2854 puellarem,
396 2796 459 2837 crnn
472 2781 552 2857 quasi
570 2779 726 2839 remedium
743 2778 908 2837 insidiarum
926 2795 943 2837 a
959 2776 1021 2855 ple·

21 2860 97 2923 baio
112 2858 234 2938 quodam
246 2869 275 2920 et
292 2861 393 2937 ignoto
410 2864 519 2922 muneri
538 2865 717 2940 accepisset,
735 2861 849 2922 detecta
869 2861 1022 2920 confestim

32 2945 235 3020 coniuratione,
247 2962 301 3022 pro
315 2963 423 3005 summo
435 2947 548 3006 numine
560 2948 698 3025 trinisque
709 2949 738 3004 in
751 2944 796 3004 die
809 2945 959 3004 sacrificiis
973 2960 1021 3002 co·

36 3047 89 3088 ere
108 3029 328 3105 perseveravit,
350 3028 526 3108 volebatque
551 3029 631 3089 credi
655 3028 812 3088 monitione
837 3029 898 3086 eius
927 3027 1022 3086 lutura

34 3127 234 3190 tracnoscere.
260 3110 336 3171 Ante
354 3130 464 3190 paucos
485 3131 568 3191 quarn
590 3114 699 3191 periret
717 3129 833 3170 menses
852 3109 972 3170 attendit
992 3117 1022 3169 ct

24 3194 194 3272 extispicio,
207 3212 405 3274 necunquam
418 3196 518 3256 litavit.

10 3291 12 3295 '
92 3275 169 3337 Obiit
181 3278 346 3339 tricensimo
359 3289 388 3339 et
400 3279 527 3340 secundo
543 3279 643 3338 aetatis
653 3295 737 3355 anno,
749 3277 795 3336 die
807 3295 864 3354 quo
878 3276 1020 3356 quondam
1029 3276 1062 3333 57

34 3362 177 3422 lotarium
191 3363 392 3440 interemerat,
409 3372 573 3440 taubrmque
590 3361 724 3439 gaudium
744 3361 860 3440 publice
879 3360 1020 3440 praebuit,

34 3454 54 3492 ¹¹
65 3444 154 3525 plebs
173 3445 291 3523 pilleata
304 3455 365 3508 tota
382 3445 455 3506 urbe
473 3446 658 3506 discurreret.
688 3445 725 3506 Et
741 3455 836 3505 tamen
853 3462 910 3504 non
922 3444 1020 3505 dolue-

34 3538 90 3588 unt
101 3530 150 3608 qni
162 3547 216 3608 per
230 3528 348 3608 longum
359 3539 473 3610 ternpus
486 3530 584 3590 vernis
603 3531 777 3608 aestivisqrm
797 3530 813 3572 i'
826 3528 916 3588 tribus
931 3538 1006 3572 roms
