2256 3930
117 301 157 358 44
202 309 231 356 0.
248 309 398 357 samsom
413 309 540 368 TRANQ.
556 309 604 355 DE
617 308 701 355 VITA
715 306 901 355 CAESARUH
912 306 984 353 Lm.
1000 305 1040 355 11.

117 483 183 522 num
199 464 292 523 lacum
304 466 391 541 mari,
414 465 521 525 effecit.
550 462 583 523 ln
598 480 654 541 quo
675 480 739 522 cum
761 460 856 521 bieme
872 469 935 521 tota
950 461 1056 540 copias
1074 480 1120 522 er·

119 549 278 624 arcuisset,
312 547 478 627 Pompeium
502 550 578 607 inter
596 546 690 622 blylas
710 553 740 605 et
758 543 941 605 Naulochum
958 547 1121 624 superavit,

117 631 170 689 sub
185 630 286 690 horam
305 650 421 710 pugnae
437 641 493 692 tam
514 638 575 690 arto
592 637 716 708 repente
731 646 831 689 somno
848 626 1022 707 devinctus,
1043 637 1074 688 ut
1088 629 1121 689 ad

117 713 240 774 dandum
259 717 372 792 signum
387 716 422 775 ab
444 716 544 775 amicis
560 715 746 774 excitaretur.
782 712 866 774 Unde
881 711 1050 791 praebitam
1064 713 1120 773 An·

118 799 195 858 tonio
213 802 360 859 materiam
371 809 468 879 putem
484 797 697 877 exprobrandi,
716 813 755 857 rte
768 796 863 857 rectia
880 794 1008 875 quidem
1022 797 1119 858 oculis

117 899 184 941 eum
199 883 343 960 aspicere
354 883 497 961 potuisse
509 882 692 942 iststructcm
707 880 822 956 ocimo,
843 896 951 940 oerum
963 880 1120 959 copiosam,

117 966 235 1026 coelam
251 966 427 1042 innuentem,
442 966 596 1044 stupidam
612 964 770 1042 cubuisse,
786 982 843 1026 aec
853 964 946 1042 price
960 966 1120 1026 meream·

116 1067 150 1110 se
164 1067 203 1111 cc
216 1050 364 1111 militibus
379 1052 622 1128 inconspectum
638 1049 760 1110 vecisse
770 1064 863 1129 quam
883 1046 961 1109 cdl.
977 1045 1122 1129 Aprippc

114 1132 245 1212 fcqatce
258 1135 320 1195 siat
333 1135 443 1195 cstarm
463 1150 569 1195 acces.
601 1132 660 1192 Alii
676 1133 782 1193 dictum
795 1132 961 1212 tactumque
984 1134 1051 1194 eius
1069 1137 1120 1194 cri·

118 1219 273 1294 minantur,
295 1219 376 1297 quasi
398 1218 539 1279 classibus
560 1225 732 1296 tempestate
750 1216 872 1296 perditis
896 1216 1120 1296 exclamaverit,

119 1302 211 1362 etiam
231 1301 327 1363 incito
347 1299 488 1380 Neptuno
507 1301 672 1362 victoriam
692 1318 727 1361 se
740 1299 940 1379 adoptarum,
958 1319 996 1361 ac
1007 1300 1057 1362 die
1070 1303 1120 1362 cir·

119 1387 247 1446 censium
262 1387 394 1465 proximo
411 1385 543 1445 sollemni
553 1403 677 1465 pompae
692 1385 873 1445 simulacrum
888 1384 935 1444 dei
947 1383 1121 1446 detraxerit.

118 1469 183 1529 Nec
204 1478 312 1529 temere
333 1469 416 1548 plura
439 1487 473 1529 ac
493 1471 602 1530 maiora
623 1470 754 1548 pericula
780 1468 839 1529 ullo
858 1468 915 1529 alio
939 1467 1024 1529 bello
1047 1470 1121 1531 adiit

120 1553 255 1613 Traiecto
271 1554 298 1611 in
314 1553 440 1612 Siciliam
454 1555 595 1631 exercitu,
611 1571 674 1613 cum
687 1561 799 1632 partem
814 1552 955 1632 reliquam
971 1555 1121 1632 copiarum

116 1638 274 1696 continenti
288 1646 448 1716 repeteret,
463 1655 624 1716 oppressus
641 1638 841 1716 exinproviso
858 1654 875 1696 a
888 1636 1079 1699 Demochare
1095 1646 1121 1698 et

116 1719 323 1798 Apollophane
339 1722 497 1799 praelectis
515 1721 649 1800 Pompei,
670 1738 725 1780 uno
746 1720 859 1781 demum
878 1722 999 1797 navigio
1016 1739 1119 1801 aeger·

115 1806 186 1864 rime
202 1803 312 1881 ellugit.
331 1804 437 1865 lterum
453 1824 516 1865 cum
531 1815 650 1883 praeter
662 1804 772 1865 Locros
785 1805 908 1882 Regium
924 1804 1054 1883 pedibus
1068 1809 1120 1866 iret

116 1897 146 1948 et
163 1891 328 1966 prospectis
350 1888 507 1949 biremibus
522 1889 705 1967 Pompeianis
723 1897 829 1949 terram
846 1888 1034 1967 legentibus,
1056 1908 1118 1952 suaa

116 1980 212 2047 ratus,
227 1972 427 2034 descendisset
441 1973 476 2033 ad
492 1973 573 2050 litus,
589 1990 684 2051 paene
700 1981 842 2051 exceptus
857 1981 911 2032 est.
934 1971 1018 2033 'lunc
1035 1977 1119 2034 etiam

116 2074 170 2135 per
185 2055 286 2116 devios
308 2059 435 2119 tramites
450 2057 644 2134 refugientem
665 2075 768 2116 servus
781 2056 888 2116 Aemili
902 2055 985 2117 Pauli
1005 2061 1117 2118 comitia

116 2142 192 2217 eins,
208 2139 310 2201 dolens
323 2143 519 2220 proscriptum
539 2141 607 2201 olim
627 2139 662 2202 ab
678 2158 715 2202 eo
732 2149 844 2219 patrem
857 2139 977 2201 Paulum
991 2149 1023 2201 et
1039 2143 1119 2222 quasi

116 2225 272 2284 occasione
292 2224 408 2285 ultionis
423 2225 542 2303 oblata,
566 2226 733 2285 interlicere
750 2233 871 2285 conatus
889 2232 944 2284 est.

178 2307 248 2367 Post
276 2308 395 2388 Pompei
424 2310 521 2386 lugam
549 2309 728 2386 collegarum
755 2308 876 2370 alterum
900 2308 939 2369 rt.
965 2307 1118 2388 Lepidum,

115 2409 199 2469 quem
221 2410 259 2450 ex
273 2391 374 2452 Airica
397 2395 425 2452 in
447 2393 580 2453 auxilium
600 2401 755 2470 evocarat,
776 2391 996 2472 superbientem
1015 2395 1118 2471 viginti

114 2475 261 2551 legionum
282 2475 385 2534 fiducia
406 2495 586 2554 summasque
601 2477 656 2536 sibi
674 2485 773 2554 partes
787 2486 901 2537 terrore
916 2485 945 2537 et
959 2478 1046 2537 minis
1061 2480 1118 2537 vin·

115 2557 257 2616 dicantem
281 2559 417 2635 spoliavit
437 2562 566 2618 exercitu
581 2561 800 2639 supplicemque
816 2578 959 2621 concessa
980 2562 1042 2621 vita
1059 2560 1118 2621 (lir-

118 2642 198 2699 ceios
215 2643 242 2698 in
260 2650 431 2719 perpetnmn
446 2643 601 2720 relegavit.

79 2724 104 2779 ll
177 2723 215 2783 M.
233 2724 350 2784 Antonii
367 2728 537 2786 societatem
553 2746 669 2806 semper
685 2728 798 2789 dubiam
813 2736 843 2787 et
857 2729 997 2788 incertam
1011 2746 1119 2789 recon-

114 2808 363 2888 ciliationibusque
379 2812 466 2870 variis
481 2811 555 2870 male
574 2812 720 2872 focilatam
736 2812 850 2891 abrupit
866 2811 997 2889 tandem,
1014 2821 1046 2871 et
1062 2829 1118 2891 quc

113 2895 205 2969 magis
223 2893 423 2970 degenerasse
438 2913 502 2954 enm
518 2914 534 2955 a
550 2896 627 2954 civili
646 2914 727 2955 more
743 2895 936 2975 approbaret,
958 2904 1117 2956 testamen·

113 2986 181 3054 tum,
197 2977 274 3055 quod
290 2979 312 3036 is
328 2979 449 3056 Romae,
465 2982 550 3039 etiam
566 2979 601 3038 de
611 2978 769 3058 Cleopatra
784 2980 884 3040 liberis
899 2981 975 3039 inter
990 2978 1119 3040 heredes

112 3064 299 3139 nuncupatis,
322 3063 495 3140 reliquerat,
519 3063 706 3141 aperiundum
725 3062 960 3142 recitandumque
976 3081 1032 3141 pro
1051 3082 1118 3124 con-

112 3149 191 3205 tione
212 3149 331 3206 curavit.
373 3148 495 3208 Remisit
518 3156 611 3207 tamen
631 3148 708 3207 hosti
735 3148 860 3208 iudicato
884 3148 1119 3207 necessitudines

114 3231 278 3308 amicosque
295 3249 412 3307 omnes,
434 3240 518 3309 atque
537 3233 610 3290 inter
626 3232 698 3292 alios
716 3230 748 3291 Ο.
767 3233 880 3292 Sosium
902 3241 931 3290 et
947 3230 980 3291 Τ.
997 3231 1118 3292 Domiti-

113 3333 158 3371 um
171 3322 236 3371 tunc
252 3315 343 3373 adhuc
357 3316 504 3374 consules.
522 3315 751 3376 Bononiensibus
764 3334 878 3395 quoque
893 3315 1023 3394 publice,
1041 3314 1119 3396 quod

112 3399 140 3455 in
155 3395 344 3458 Antoniorum
361 3399 496 3459 clientela
511 3402 664 3478 antiquitus
678 3410 775 3477 erant,
797 3401 919 3476 gratiam
933 3400 1005 3459 lecit
1019 3403 1118 3461 coniu-

112 3479 194 3537 randi
215 3499 277 3539 cum
301 3492 360 3542 tota
376 3483 459 3543 ltalia
475 3502 529 3562 pro
550 3482 679 3562 partibus
698 3487 766 3543 suis.
799 3483 862 3543 Nec
878 3484 967 3543 multo
983 3493 1055 3562 post
1070 3503 1117 3544 na-

112 3561 171 3621 vali
189 3564 301 3639 proelio
319 3567 394 3644 apud
410 3566 524 3627 Actium
543 3569 628 3644 vicit,
650 3570 677 3626 in
695 3587 790 3627 serum
806 3567 987 3628 dimicatione
1002 3577 1118 3646 protra-
