2256 3930
89 240 163 288 xxm
429 234 636 283 PRAEFATIO.

153 395 340 452 Posteriorum
359 395 405 466 qni
428 397 500 450 bunc
517 394 749 467 pretiosissimum
772 393 873 449 librum
894 400 999 450 tracta·

91 480 165 537 verit
184 479 318 534 neminem
341 479 415 534 novi.
459 479 558 533 Actum
576 477 662 547 igitur
684 477 779 547 egisse
795 493 849 532 non
865 477 998 548 videbor,

91 565 166 636 quod
188 579 238 634 per
262 562 435 618 caniculares
455 562 541 617 terias
565 578 589 616 a.
613 566 679 619 1855
706 559 829 616 Parisios
851 561 997 631 protectas

90 649 163 704 hunc
181 647 280 701 librum
296 645 441 716 diligentia
460 651 586 716 quantum
608 643 669 698 sacri
688 643 779 715 potuit
796 643 914 698 maxima
932 661 998 701 con-

90 730 150 788 tuli.
196 729 254 794 Oua
275 728 302 783 in
323 746 354 784 re
376 745 543 800 magnopere
563 744 606 783 me
627 726 697 782 iuvit
718 726 997 783 bibliothecariorum

90 831 123 869 ac
140 813 291 886 praecipue
307 811 453 868 Ernesti
473 813 591 866 Renan
614 810 785 879 humanitas,
809 811 997 865 contuberna-

90 897 124 952 lis
142 896 196 952 mei
208 896 366 951 amicissimi
385 895 537 951 Eduardi
551 893 719 950 Wolfttin
739 892 864 955 comitas.
889 893 997 960 Quodsi
1039 909 1041 919 ¹

89 979 188 1035 iterum
202 980 305 1035 collato
318 978 479 1034 Memmiana
494 979 567 1034 libro
581 976 742 1032 Suetouiaui
758 975 853 1048 operis
866 977 997 1033 emenda-

90 1063 193 1118 tionem
206 1078 372 1134 promovere
384 1061 450 1116 mibi
465 1061 592 1131 contigit,
608 1059 651 1116 bis
663 1059 732 1116 viris
745 1058 805 1114 eins
820 1059 862 1115 rei
878 1060 996 1117 maxima

89 1147 181 1217 gratia
196 1146 322 1200 habenda
342 1151 393 1200 est.

153 1229 188 1285 Ut
200 1229 234 1283 de
252 1235 367 1284 externa
383 1227 479 1300 specie
494 1227 557 1282 iibri
572 1243 660 1298 pauca
677 1225 774 1293 dicam,
791 1226 940 1283 distinctus
956 1233 998 1283 est

90 1312 174 1368 bodie
191 1327 304 1366 numero
320 1318 387 1372 6115
405 1318 432 1366 et
448 1310 557 1366 ‘Codex
571 1309 760 1365 Memmianus'
778 1326 793 1364 a
808 1310 996 1366 bibliotheca-

89 1395 139 1450 riis
162 1395 328 1466 inscriptus‚
349 1401 378 1448 ut
398 1395 454 1449 iltis
478 1394 587 1464 quidem
605 1395 639 1448 do
662 1392 728 1446 libri
749 1393 860 1462 origine
882 1400 912 1448 et
932 1410 997 1466 pro-

89 1484 173 1533 ventu
190 1477 300 1532 dubium
316 1477 403 1533 luisse
423 1494 477 1532 non
493 1477 626 1549 potuerit.
658 1475 773 1531 Constat
788 1476 864 1531 loliis
883 1483 997 1548 quater·
1037 1498 1041 1521 ι

89 1561 176 1616 nariis
200 1561 377 1632 pergamenis
399 1567 449 1620 126
471 1578 521 1631 per
539 1558 735 1630 quaterniones
757 1559 949 1631 complicatis,
971 1565 998 1615 et

89 1644 128 1700 ita
144 1643 255 1714 quidem
270 1651 299 1698 ut
313 1643 468 1715 bibliopegi
486 1650 600 1715 stupore
616 1643 641 1697 is
658 1641 803 1713 quaternio
819 1641 865 1712 qui
881 1642 910 1697 in
926 1643 997 1698 Divo

90 1726 217 1796 Augusto
238 1745 264 1798 p.
282 1733 332 1796 52,
347 1733 477 1794 33-69,
493 1733 527 1785 36
543 1727 629 1781 verba
645 1725 769 1780 continet
784 1727 865 1780 titubo
880 1728 999 1781 restituit

91 1816 205 1880 atquae
225 1816 376 1880 sequuntur
393 1827 480 1881 usquc
498 1810 533 1864 ad
547 1823 613 1864 coac
630 1808 770 1864 Corinthio
788 1814 853 1879 post
867 1810 939 1865 duos
956 1810 990 1865 in·

90 1899 239 1963 sequentes
266 1892 462 1963 quaterniones
489 1893 643 1948 collocatus
666 1891 711 1946 sit.
757 1893 848 1947 Titulo
874 1894 997 1964 primore

92 1981 185 2045 caret,
208 1977 259 2031 sed
274 1977 372 2031 salsum
390 1983 432 2030 est
448 1976 476 2030 id
492 1975 565 2045 quod
581 1976 697 2030 Thomas
715 1975 856 2031 benticius
872 1977 997 2032 tradide-

91 2064 149 2128 rat,
179 2075 214 2113 nc
243 2059 393 2115 maiuscula
421 2059 527 2130 quidem
555 2058 648 2114 littera
677 2058 803 2130 incipere
831 2060 997 2115 vocabulum

92 2141 210 2198 omnium
230 2142 434 2214 primumquod
455 2149 498 2198 ost
512 2147 629 2196 Annum.
675 2141 800 2213 Quinque
822 2141 894 2196 enim
910 2143 995 2198 verba

87 2227 195 2280 Manum
222 2240 306 2297 opens
327 2227 585 2281 sextumdecimum
600 2231 712 2296 patrem
733 2225 844 2295 liquore
866 2226 953 2281 rubro
971 2233 998 2281 et
1039 2263 1041 2276 .

87 2308 248 2364 maiusculis
266 2310 367 2364 litteris
389 2309 493 2380 scripta
509 2315 572 2363 sunt
587 2314 614 2362 et
629 2308 757 2380 principe
773 2308 882 2378 quidem
903 2309 996 2365 littera

88 2391 303 2461 Areliquarum
328 2392 499 2447 altitudinem
525 2391 691 2460 aliquantum
712 2398 874 2463 superantc3
904 2399 934 2446 nt
950 2393 996 2447 vel

89 2475 140 2528 hac
161 2490 192 2526 re
209 2474 333 2542 eluceat,
357 2490 411 2528 non
429 2475 457 2528 in
471 2477 525 2528 boo
541 2475 602 2545 ipso
619 2475 747 2546 exemplo
766 2474 899 2531 iacturam
915 2475 987 2546 prim

89 2556 280 2626 quaternionis
297 2557 396 2611 factam
420 2574 492 2612 esse,
538 2557 683 2629 Scriptura
702 2558 809 2614 saeculi
825 2559 900 2614 Vllll
917 2560 998 2614 lucu-

90 2640 163 2692 lenta
188 2645 243 2706 est,
274 2640 445 2711 compendiis
470 2641 614 2696 admodum
642 2641 739 2711 paucis
768 2640 909 2713 impedita.
939 2642 998 2698 Va·

89 2719 145 2777 rias
160 2738 254 2776 manus
272 2724 473 2780 emendatrices
494 2731 626 2795 expertus
643 2731 703 2794 est,
728 2741 798 2795 qnae
814 2726 859 2779 vel
883 2742 918 2779 ex
940 2726 997 2781 alio

89 2805 217 2875 exemplo
238 2806 283 2860 vcl
306 2806 487 2862 coniectando
510 2808 653 2878 pristinam
679 2808 844 2878 scripturam
870 2808 998 2865 immuta·
1039 2853 1041 2865 .

89 2893 159 2941 rent.
188 2887 312 2944 Scribam
331 2889 411 2945 initio
427 2890 539 2960 legendi
554 2891 622 2944 satis
639 2890 793 2962 imperitum
811 2883 903 2962 primo
923 2892 997 2947 libro

89 2971 209 3041 produnt
225 2973 359 3028 vocabula
380 2973 489 3043 integra
514 2973 685 3044 compendiis
703 2973 913 3045 superscripta,
936 2992 997 3030 eum

89 3069 174 3124 super
191 3055 217 3109 L.
234 3056 454 3126 decimationi,
477 3073 562 3127 snper
585 3057 749 3111 Macareus
769 3058 815 3112 vel
840 3061 931 3113 marci
951 3061 997 3114 vel

90 3153 203 3207 marco,
221 3156 305 3210 super
329 3139 357 3193 P.
376 3139 406 3198 R.
426 3141 523 3210 populi
539 3142 659 3208 romoni,
683 3140 832 3210 aliquando
856 3158 940 3213 snper
966 3143 995 3196 C.

89 3224 197 3275 curtino
218 3223 337 3277 additum
358 3222 402 3277 sit.
448 3222 651 3293 Nonnumquam
676 3223 882 3292 grammaticum
911 3243 998 3295 agere

90 3312 205 3359 conatus
224 3313 282 3375 est⁷
301 3314 329 3360 ut
344 3324 370 3376 p.
388 3312 420 3375 4,
443 3312 476 3364 32
494 3306 540 3358 ubi
564 3308 598 3359 ad
615 3308 777 3361 vocabulum
795 3309 868 3377 quod
884 3315 927 3362 est
944 3327 997 3363 nu·

89 3390 171 3441 tonna
187 3388 214 3441 in
230 3390 353 3458 margine
372 3388 514 3444 adnotavit
534 3389 630 3459 ubique
649 3393 789 3445 sarciemus
811 3396 996 3448 occansotioum

88 3468 154 3524 ΙΙΙ(
169 3471 355 3525 declinationis
367 3474 507 3541 plncrolcna
523 3474 550 3524 in
566 3475 688 3543 ispotsit.
