2256 3930
119 233 159 294 76
204 245 233 294 c.
249 243 399 292 suenoni
417 244 544 303 resne.
560 244 608 291 nn
623 244 706 292 mun
727 243 913 294 cananeum
925 246 1000 293 nus.
1015 246 1052 292 11.

118 399 232 459 facilius
254 400 386 458 efiiceret
405 407 452 457 aut
465 398 572 458 necubi
587 398 728 458 lectorem
745 399 793 458 vel
808 398 971 460 auditorem
989 399 1118 460 obturba-

112 492 162 542 ret
185 501 220 542 ac
240 491 417 558 moraretur,
440 501 534 561 neque
559 482 794 561 praepositiones
811 482 933 544 urbibus
948 483 1061 544 addere
1076 503 1118 543 ne·

118 585 174 645 que
199 567 418 627 coniunctiones
442 568 558 644 saepius
579 567 685 626 iterare
707 564 860 644 dubitavit,
882 584 959 645 quae
976 567 1118 627 detractae

117 650 239 710 afferunt
255 649 360 727 aliquid
378 649 577 726 obscuritatis,
602 651 656 708 etsi
670 651 792 726 gratiam
808 659 925 728 augent.
957 649 1118 712 cacozelos

118 743 146 794 et
161 735 354 813 antiquarios,
372 743 401 792 ut
418 733 534 792 diverso
549 751 659 810 genere
675 733 809 810 vitiosos,
826 734 890 813 pari
903 734 1025 794 fastidio
1043 752 1128 813 spre-

117 820 167 893 vit,
181 817 405 895 exagitabatque
420 835 645 894 nonnumquam;
662 817 690 874 in
704 818 804 895 primis
815 817 1021 878 Maecenatem
1035 837 1116 895 suun,

118 904 199 962 cuius
219 899 448 980 myrobrecbis,
470 910 500 959 ut
519 902 572 977 ait,
596 900 754 961 cincinnos
775 918 867 980 usque
887 919 1007 980 quaque
1025 920 1115 981 perse·

117 988 212 1065 quitur
232 996 260 1045 et
280 984 415 1044 imitando
433 1003 486 1063 per
501 986 596 1043 iocum
611 983 720 1042 irridet.
748 984 806 1044 Sed
821 1003 877 1044 nec
891 984 1015 1045 Tiberio
1033 987 1117 1065 parcit

117 1080 146 1129 et
169 1070 301 1129 exoletas
318 1068 457 1127 interdurn
473 1077 501 1126 et
518 1066 684 1126 reconditas
700 1085 792 1128 voces
808 1070 974 1147 aucupanti.
1008 1069 1048 1129 bl.
1065 1070 1115 1148 qui·

115 1154 180 1213 dem
200 1153 355 1213 Antonium
380 1161 409 1211 ut
435 1154 562 1210 insanum
589 1153 737 1228 increpat,
767 1154 849 1229 quasi
876 1170 911 1213 ea
934 1152 1127 1228 scribentem,

116 1255 190 1315 quae
209 1238 347 1295 mirentur
369 1236 465 1314 potius
486 1235 618 1294 homines
641 1252 724 1312 quarn
746 1235 932 1312 intellegant;
956 1235 1066 1296 deinde
1082 1237 1115 1295 lu·

116 1321 187 1380 dens
211 1321 315 1379 malum
336 1328 364 1378 et
385 1321 554 1378 inconstans
576 1319 603 1376 in
626 1317 762 1394 eligendo
779 1337 891 1396 genere
907 1318 1027 1381 dicendi
1043 1322 1115 1397 inge·

115 1408 190 1464 nium
206 1405 284 1479 eius,
303 1402 379 1461 addit
395 1403 483 1461 baec:
505 1400 607 1479 Tuque
618 1399 755 1478 dubitas,
770 1401 932 1462 Cimberne
942 1401 1068 1464 Annius
1082 1421 1116 1463 un

120 1487 272 1546 Veranius
291 1484 424 1545 Flaccus
442 1485 584 1545 imitandi
601 1485 664 1545 sint
685 1483 758 1562 tibi,
779 1488 825 1547 ite
845 1494 879 1546 ut
891 1485 1019 1564 verbis,
1043 1505 1116 1567 quac

117 1570 248 1648 Crispus
261 1568 430 1629 Sallustius
451 1568 608 1646 excerpsit
623 1586 663 1628 ee
681 1565 861 1648 Originibus
877 1567 1030 1647 Catonis,
1052 1578 1114 1631 uta·

114 1655 181 1715 ris?
197 1672 238 1713 un
250 1654 353 1731 potius
365 1650 573 1714 Asiaticorum
588 1659 748 1713 oratorum
762 1653 867 1714 inanis
878 1656 1043 1716 sententiis
1053 1673 1114 1715 uer·

116 1738 223 1798 borram
254 1736 433 1798 uolubilitas
458 1737 491 1796 in
516 1743 654 1797 nostrum
679 1755 848 1799 sermonem
873 1735 1115 1815 transferenda?

114 1822 151 1881 Et
173 1821 292 1900 quadam
315 1821 438 1898 epistola
454 1820 636 1898 Agrippinae
653 1823 748 1900 neptis
766 1821 911 1899 ingenium
930 1822 1114 1898 conlaudans,

114 1905 179 1965 Sed
192 1923 270 1983 opus
286 1912 345 1979 est,
371 1905 476 1982 inquit,
501 1903 580 1963 dure
595 1910 623 1962 te
638 1922 781 1982 operum,
800 1924 838 1965 ne
851 1905 980 1965 moleste
995 1906 1114 1967 scribas

116 1996 145 2049 et
164 1989 312 2068 loquaris.
1123 2031 1124 2034 ,

79 2068 105 2123 37
178 2072 328 2133 Cotidiano
360 2089 494 2130 sermone
523 2072 662 2150 quaedam
688 2073 867 2150 frequentius
896 2081 925 2130 et
951 2073 1114 2134 notabiliter

114 2176 272 2236 usurpasse
301 2174 378 2232 eurn,
408 2155 521 2214 litterae
546 2157 637 2234 ipsius
664 2156 863 2233 autographae
892 2164 1065 2234 ostentant,
1093 2159 1113 2216 in

116 2241 219 2318 quibus
245 2239 419 2314 identidem,
447 2257 509 2298 cum
536 2240 649 2318 aliquos
673 2257 824 2317 numquam
853 2238 1002 2299 soluturos
1033 2242 1128 2318 signi

116 2325 203 2384 beare
229 2325 302 2401 vult,
330 2323 372 2382 ud
393 2321 465 2382 lsai.
489 2321 630 2383 Graecus
655 2323 813 2383 soluturos
835 2322 888 2391 ait;
916 2331 945 2381 et
967 2340 1032 2382 cnm
1054 2324 1128 2416 borp

114 2415 189 2466 tatur
211 2408 330 2466 ferenda
354 2425 420 2464 esse
445 2409 624 2484 praesentia,
645 2407 863 2485 qualiacumque
886 2408 958 2482 sint,
987 2411 1113 2467 contenti
1126 2462 1128 2488 ,

115 2490 212 2548 simus
232 2490 291 2549 boc
308 2489 445 2558 Cotone;
472 2498 500 2548 et
522 2490 557 2549 ad
578 2489 793 2570 exprimendam
808 2489 962 2549 festinatae
978 2492 1022 2549 rei
1038 2491 1110 2550 velo

117 2574 247 2648 citatem,
270 2572 400 2631 celerius
421 2589 512 2649 qucum
533 2574 685 2654 aspuropi
705 2579 853 2634 cocuntur
862 2597 875 2641 ,·
897 2575 981 2651 ponit
1003 2575 1109 2634 assidua

117 2664 144 2714 et
164 2674 217 2734 pro
242 2655 328 2714 stulto
351 2653 509 2715 buceolum
532 2658 618 2735 opud
634 2658 752 2736 pullum
763 2656 986 2734 pulleiuceum,
1011 2667 1042 2717 et
1065 2675 1108 2738 pru

116 2742 220 2800 cerrito
235 2757 450 2814 uueerrosum,
468 2749 497 2798 et
510 2742 624 2819 cupide
638 2761 671 2800 se
688 2740 797 2800 babere
811 2758 866 2819 pro
884 2739 978 2816 male,
996 2751 1026 2800 et
1044 2740 1108 2802 beti-

113 2842 189 2884 aare
210 2843 263 2902 pro
288 2823 440 2900 languere,
469 2825 544 2902 quod
566 2827 655 2903 vulgo
678 2824 879 2886 luebunizare
902 2823 1021 2895 dicitur;
1050 2827 1107 2885 iteu

113 2910 210 2970 simius
231 2925 411 2986 prosumus,
435 2917 463 2966 et
480 2908 587 2969 domos
604 2911 733 2986 genitivo
752 2926 820 2967 casu
838 2907 977 2982 singulari
995 2926 1052 2986 pro
1069 2910 1108 2969 do

113 3013 184 3053 mus.
214 2992 277 3051 Nec
299 3010 429 3069 umquam
446 2991 528 3051 aliter
548 2993 621 3052 baec
638 2992 710 3068 duo,
731 2992 850 3068 nequis
872 2990 1004 3050 mendum
1026 2994 1108 3070 magis

115 3097 197 3158 quam
217 3075 450 3135 consuetudinem
468 3086 556 3152 putet.
1067 3147 1069 3153 y

173 3161 279 3220 Notavi
300 3162 368 3218 etin
387 3159 584 3237 chirographo
601 3161 662 3218 eius
678 3160 726 3219 illa
743 3160 918 3237 praecipue:
938 3176 999 3217 non
1019 3159 1108 3219 dividit

113 3247 203 3306 verba
224 3264 279 3304 nec
305 3245 340 3303 ab
363 3252 490 3302 extrema
512 3253 593 3320 parte
616 3262 750 3301 versuum
773 3242 941 3302 abundantis
959 3241 1074 3303 litteras
1089 3246 1107 3302 iu

116 3332 235 3389 alterum
256 3328 408 3403 transfert,
428 3326 479 3386 sed
499 3327 603 3385 ibidem
626 3328 719 3385 statim
741 3326 843 3385 subicit
858 3325 1107 3405 circumducitquc.

79 3418 106 3470 38
117 3413 373 3490 orthographiam,
401 3411 427 3469 id
454 3420 498 3469 est
525 3410 674 3470 formulam
700 3413 899 3487 rationemque
927 3409 1108 3469 scribendis

116 3497 306 3572 grammaticis
331 3497 496 3572 institutam,
522 3513 578 3554 non
601 3493 674 3552 adeo
692 3495 815 3553 custodit
834 3511 868 3568 ac
884 3493 997 3552 videtur
1016 3511 1108 3553 eoruu
