<?xml version="1.0" encoding="UTF-8"?>
<!DOCTYPE html PUBLIC "-//W3C//DTD XHTML 1.0 Transitional//EN"
    "http://www.w3.org/TR/xhtml1/DTD/xhtml1-transitional.dtd">
<html xmlns="http://www.w3.org/1999/xhtml" xml:lang="en" lang="en">
 <head>
  <title>
</title>
<meta http-equiv="Content-Type" content="text/html;charset=utf-8" />
  <meta name='ocr-system' content='tesseract 3.04.00' />
  <meta name='ocr-capabilities' content='ocr_page ocr_carea ocr_par ocr_line ocrx_word'/>
</head>
<body>
  <div class='ocr_page' id='page_1' title='image "./csuetonitranqui01suetgoog_0355.png"; bbox 0 0 2286 3944; ppageno 0'>
   <div class='ocr_carea' id='block_1_1' title="bbox 24 197 982 271">
    <p class='ocr_par' dir='ltr' id='par_1_1' title="bbox 24 197 982 271">
     <span class='ocr_line' id='line_1_1' title="bbox 24 197 982 271; baseline 0.003 -12"><span class='ocrx_word' id='word_1_1' title='bbox 24 197 85 259; x_wconf 78' lang='lat'><strong>250</strong></span> <span class='ocrx_word' id='word_1_2' title='bbox 107 209 138 258; x_wconf 93' lang='lat' dir='ltr'><strong>c.</strong></span> <span class='ocrx_word' id='word_1_3' title='bbox 154 209 304 258; x_wconf 78' lang='lat' dir='ltr'><strong>soarouu</strong></span> <span class='ocrx_word' id='word_1_4' title='bbox 320 210 449 271; x_wconf 68' lang='lat' dir='ltr'><strong>namq,</strong></span> <span class='ocrx_word' id='word_1_5' title='bbox 468 211 515 258; x_wconf 89' lang='lat' dir='ltr'><strong>nn</strong></span> <span class='ocrx_word' id='word_1_6' title='bbox 531 211 613 258; x_wconf 76' lang='lat' dir='ltr'><strong>unas</strong></span> <span class='ocrx_word' id='word_1_7' title='bbox 628 211 821 262; x_wconf 73' lang='lat' dir='ltr'><strong>consanum</strong></span> <span class='ocrx_word' id='word_1_8' title='bbox 835 216 903 264; x_wconf 80' lang='lat' dir='ltr'><strong>ruo.</strong></span> <span class='ocrx_word' id='word_1_9' title='bbox 920 217 982 264; x_wconf 85' lang='lat' dir='ltr'><strong>vru.</strong></span> 
     </span>
    </p>
   </div>
   <div class='ocr_carea' id='block_1_2' title="bbox 22 365 1000 545">
    <p class='ocr_par' dir='ltr' id='par_1_2' title="bbox 22 365 1000 527">
     <span class='ocr_line' id='line_1_2' title="bbox 23 365 1000 448; baseline 0.004 -23"><span class='ocrx_word' id='word_1_10' title='bbox 23 366 169 445; x_wconf 76' lang='lat' dir='ltr'><strong>propositi</strong></span> <span class='ocrx_word' id='word_1_11' title='bbox 183 365 304 441; x_wconf 77' lang='lat' dir='ltr'><strong>gratiam</strong></span> <span class='ocrx_word' id='word_1_12' title='bbox 318 365 419 425; x_wconf 86' lang='lat' dir='ltr'><strong>iacere</strong></span> <span class='ocrx_word' id='word_1_13' title='bbox 434 367 560 427; x_wconf 90' lang='lat' dir='ltr'><strong>nonalia</strong></span> <span class='ocrx_word' id='word_1_14' title='bbox 575 367 669 444; x_wconf 89' lang='lat' dir='ltr'><strong>magis</strong></span> <span class='ocrx_word' id='word_1_15' title='bbox 686 385 719 427; x_wconf 94' lang='lat' dir='ltr'><strong>re</strong></span> <span class='ocrx_word' id='word_1_16' title='bbox 734 369 902 448; x_wconf 90' lang='lat' dir='ltr'><strong>compulsus</strong></span> <span class='ocrx_word' id='word_1_17' title='bbox 921 370 1000 430; x_wconf 84' lang='lat' dir='ltr'><strong>creda</strong></span> 
     </span>
     <span class='ocr_line' id='line_1_3' title="bbox 22 448 903 545; baseline 0.005 -36"><span class='ocrx_word' id='word_1_18' title='bbox 22 459 78 521; x_wconf 86' lang='lat' dir='ltr'><strong>tur,</strong></span> <span class='ocrx_word' id='word_1_19' title='bbox 95 467 179 526; x_wconf 84' lang='lat' dir='ltr'><strong>quam</strong></span> <span class='ocrx_word' id='word_1_20' title='bbox 194 448 271 545; x_wconf 93' lang='lat' dir='ltr'><strong>quod</strong></span> <span class='ocrx_word' id='word_1_21' title='bbox 289 451 384 527; x_wconf 90' lang='lat' dir='ltr'><strong>sparsi</strong></span> <span class='ocrx_word' id='word_1_22' title='bbox 401 449 493 509; x_wconf 83' lang='lat' dir='ltr'><strong>libelli</strong></span> <span class='ocrx_word' id='word_1_23' title='bbox 510 469 574 509; x_wconf 90' lang='lat' dir='ltr'><strong>cum</strong></span> <span class='ocrx_word' id='word_1_24' title='bbox 590 449 635 510; x_wconf 88' lang='lat' dir='ltr'><strong>bis</strong></span> <span class='ocrx_word' id='word_1_25' title='bbox 652 451 789 512; x_wconf 83' lang='lat' dir='ltr'><strong>uersibus</strong></span> <span class='ocrx_word' id='word_1_26' title='bbox 808 463 903 514; x_wconf 91' lang='lat' dir='ltr'><strong>erant:</strong></span> 
     </span>
    </p>
   </div>
   <div class='ocr_carea' id='block_1_3' title="bbox 54 523 978 632">
    <p class='ocr_par' dir='ltr' id='par_1_3' title="bbox 54 523 978 632">
     <span class='ocr_line' id='line_1_4' title="bbox 54 523 978 632; baseline 0.004 -39"><span class='ocrx_word' id='word_1_27' title='bbox 54 527 195 627; x_wconf 58' lang='lat' dir='ltr'><strong>Kdvye</strong></span> <span class='ocrx_word' id='word_1_28' title='bbox 215 523 363 613; x_wconf 71' lang='grc' dir='ltr'><strong><em>φάγῃςέ</em></strong></span> <span class='ocrx_word' id='word_1_29' title='bbox 347 526 401 593; x_wconf 76' lang='grc' dir='ltr'><strong>ἐπὶ</strong></span> <span class='ocrx_word' id='word_1_30' title='bbox 421 523 568 613; x_wconf 71' lang='grc' dir='ltr'><strong><em>ῥίζαν,</em></strong></span> <span class='ocrx_word' id='word_1_31' title='bbox 549 553 640 632; x_wconf 62' lang='lat' dir='ltr'><strong>optor</strong></span> <span class='ocrx_word' id='word_1_32' title='bbox 656 533 706 596; x_wconf 80' lang='grc' dir='ltr'><strong>ἔτι</strong></span> <span class='ocrx_word' id='word_1_33' title='bbox 727 529 978 617; x_wconf 78' lang='grc' dir='ltr'><strong><em>καρποφορήσω,</em></strong></span> 
     </span>
    </p>
   </div>
   <div class='ocr_carea' id='block_1_4' title="bbox 0 610 1013 3538">
    <p class='ocr_par' dir='ltr' id='par_1_4' title="bbox 0 610 1013 2459">
     <span class='ocr_line' id='line_1_5' title="bbox 151 610 883 703; baseline 0.004 -26"><span class='ocrx_word' id='word_1_34' title='bbox 151 617 264 677; x_wconf 83' lang='grc' dir='ltr'><strong><em>Οσσον</em></strong></span> <span class='ocrx_word' id='word_1_35' title='bbox 284 613 556 694; x_wconf 60' lang='lat' dir='ltr'><strong>summissione,</strong></span> <span class='ocrx_word' id='word_1_36' title='bbox 577 610 689 698; x_wconf 78' lang='grc' dir='ltr'><em>τράγε,</em></span> <span class='ocrx_word' id='word_1_37' title='bbox 711 615 883 703; x_wconf 77' lang='grc' dir='ltr'><strong><em>θυομένῳ.</em></strong></span> 
     </span>
     <span class='ocr_line' id='line_1_6' title="bbox 23 700 1012 782; baseline 0 -20"><span class='ocrx_word' id='word_1_38' title='bbox 23 701 132 763; x_wconf 82' lang='lat' dir='ltr'><strong>Eadem</strong></span> <span class='ocrx_word' id='word_1_39' title='bbox 153 701 305 760; x_wconf 90' lang='lat' dir='ltr'><strong>lormidine</strong></span> <span class='ocrx_word' id='word_1_40' title='bbox 326 700 452 761; x_wconf 89' lang='lat' dir='ltr'><strong>oblatum</strong></span> <span class='ocrx_word' id='word_1_41' title='bbox 480 719 496 760; x_wconf 92' lang='lat' dir='ltr'><strong>a</strong></span> <span class='ocrx_word' id='word_1_42' title='bbox 517 711 618 762; x_wconf 92' lang='lat' dir='ltr'><strong>senatu</strong></span> <span class='ocrx_word' id='word_1_43' title='bbox 640 721 747 763; x_wconf 86' lang='lat' dir='ltr'><strong>novum</strong></span> <span class='ocrx_word' id='word_1_44' title='bbox 772 713 803 764; x_wconf 88' lang='lat' dir='ltr'><strong>et</strong></span> <span class='ocrx_word' id='word_1_45' title='bbox 827 705 1012 782; x_wconf 66' lang='lat' dir='ltr'><strong>excogitatum!</strong></span> 
     </span>
     <span class='ocr_line' id='line_1_7' title="bbox 24 785 998 866; baseline 0.001 -20"><span class='ocrx_word' id='word_1_46' title='bbox 24 786 183 862; x_wconf 83' lang='lat' dir='ltr'><strong>honorem,</strong></span> <span class='ocrx_word' id='word_1_47' title='bbox 200 803 368 863; x_wconf 88' lang='lat' dir='ltr'><strong>quamquam</strong></span> <span class='ocrx_word' id='word_1_48' title='bbox 386 786 508 845; x_wconf 90' lang='lat' dir='ltr'><strong>omnium</strong></span> <span class='ocrx_word' id='word_1_49' title='bbox 523 785 620 846; x_wconf 86' lang='lat' dir='ltr'><strong>talium</strong></span> <span class='ocrx_word' id='word_1_50' title='bbox 641 789 912 866; x_wconf 78' lang='lat' dir='ltr'><strong>appetentissimus,</strong></span> <span class='ocrx_word' id='word_1_51' title='bbox 936 805 998 847; x_wconf 88' lang='lat' dir='ltr'><strong>recu·</strong></span> 
     </span>
     <span class='ocr_line' id='line_1_8' title="bbox 24 871 997 950; baseline -0.003 -19"><span class='ocrx_word' id='word_1_52' title='bbox 24 874 111 947; x_wconf 86' lang='lat' dir='ltr'><strong>sarit,</strong></span> <span class='ocrx_word' id='word_1_53' title='bbox 127 889 184 950; x_wconf 93' lang='lat' dir='ltr'><strong>quo</strong></span> <span class='ocrx_word' id='word_1_54' title='bbox 199 871 347 930; x_wconf 91' lang='lat' dir='ltr'><strong>decretum</strong></span> <span class='ocrx_word' id='word_1_55' title='bbox 359 879 422 929; x_wconf 91' lang='lat' dir='ltr'><strong>erat</strong></span> <span class='ocrx_word' id='word_1_56' title='bbox 431 879 471 947; x_wconf 92' lang='lat' dir='ltr'><strong>ut,</strong></span> <span class='ocrx_word' id='word_1_57' title='bbox 487 871 620 948; x_wconf 91' lang='lat' dir='ltr'><strong>quotiens</strong></span> <span class='ocrx_word' id='word_1_58' title='bbox 631 880 751 947; x_wconf 78' lang='lat' dir='ltr'><strong>gereret</strong></span> <span class='ocrx_word' id='word_1_59' title='bbox 767 873 953 948; x_wconf 89' lang='lat' dir='ltr'><strong>consulatum,</strong></span> <span class='ocrx_word' id='word_1_60' title='bbox 964 889 997 950; x_wconf 87' lang='lat' dir='ltr'><strong>eq.</strong></span> 
     </span>
     <span class='ocr_line' id='line_1_9' title="bbox 23 953 996 1034; baseline -0.001 -19"><span class='ocrx_word' id='word_1_61' title='bbox 23 956 59 1015; x_wconf 81' lang='lat' dir='ltr'><strong>ll.</strong></span> <span class='ocrx_word' id='word_1_62' title='bbox 79 955 183 1034; x_wconf 85' lang='lat' dir='ltr'><strong>quibus</strong></span> <span class='ocrx_word' id='word_1_63' title='bbox 200 971 265 1013; x_wconf 87' lang='lat' dir='ltr'><strong>sors</strong></span> <span class='ocrx_word' id='word_1_64' title='bbox 283 953 446 1030; x_wconf 77' lang='lat' dir='ltr'><strong>obtigisset,</strong></span> <span class='ocrx_word' id='word_1_65' title='bbox 461 953 583 1014; x_wconf 81' lang='lat' dir='ltr'><strong>trabeati</strong></span> <span class='ocrx_word' id='word_1_66' title='bbox 603 962 632 1014; x_wconf 90' lang='lat' dir='ltr'><strong>et</strong></span> <span class='ocrx_word' id='word_1_67' title='bbox 655 972 718 1014; x_wconf 88' lang='lat' dir='ltr'><strong>eum</strong></span> <span class='ocrx_word' id='word_1_68' title='bbox 739 954 831 1016; x_wconf 90' lang='lat' dir='ltr'><strong>hastis</strong></span> <span class='ocrx_word' id='word_1_69' title='bbox 852 955 996 1017; x_wconf 79' lang='lat' dir='ltr'><strong>militaribus</strong></span> 
     </span>
     <span class='ocr_line' id='line_1_10' title="bbox 24 1037 806 1117; baseline -0.001 -18"><span class='ocrx_word' id='word_1_70' title='bbox 24 1039 237 1117; x_wconf 86' lang='lat' dir='ltr'><strong>praecederent</strong></span> <span class='ocrx_word' id='word_1_71' title='bbox 252 1055 316 1097; x_wconf 90' lang='lat' dir='ltr'><strong>enm</strong></span> <span class='ocrx_word' id='word_1_72' title='bbox 330 1040 404 1097; x_wconf 93' lang='lat' dir='ltr'><strong>inter</strong></span> <span class='ocrx_word' id='word_1_73' title='bbox 415 1037 537 1097; x_wconf 87' lang='lat' dir='ltr'><strong>lictores</strong></span> <span class='ocrx_word' id='word_1_74' title='bbox 554 1039 806 1116; x_wconf 87' lang='lat' dir='ltr'><strong>apparitoresque.</strong></span> 
     </span>
     <span class='ocr_line' id='line_1_11' title="bbox 85 1120 995 1201; baseline -0.001 -17"><span class='ocrx_word' id='word_1_75' title='bbox 85 1123 231 1201; x_wconf 82' lang='lat' dir='ltr'><strong>Tempore</strong></span> <span class='ocrx_word' id='word_1_76' title='bbox 261 1123 390 1200; x_wconf 88' lang='lat' dir='ltr'><strong>suspecti</strong></span> <span class='ocrx_word' id='word_1_77' title='bbox 419 1120 541 1200; x_wconf 89' lang='lat' dir='ltr'><strong>periculi</strong></span> <span class='ocrx_word' id='word_1_78' title='bbox 565 1124 833 1201; x_wconf 87' lang='lat' dir='ltr'><strong>appropinquante,</strong></span> <span class='ocrx_word' id='word_1_79' title='bbox 866 1123 995 1185; x_wconf 84' lang='lat' dir='ltr'><strong>sollicitior</strong></span> 
     </span>
     <span class='ocr_line' id='line_1_12' title="bbox 23 1205 996 1286; baseline 0 -21"><span class='ocrx_word' id='word_1_80' title='bbox 23 1207 154 1282; x_wconf 87' lang='lat' dir='ltr'><strong>indies,</strong></span> <span class='ocrx_word' id='word_1_81' title='bbox 177 1209 354 1285; x_wconf 86' lang='lat' dir='ltr'><strong>porticuum,</strong></span> <span class='ocrx_word' id='word_1_82' title='bbox 379 1206 407 1264; x_wconf 94' lang='lat' dir='ltr'><strong>in</strong></span> <span class='ocrx_word' id='word_1_83' title='bbox 430 1205 532 1283; x_wconf 92' lang='lat' dir='ltr'><strong>quibus</strong></span> <span class='ocrx_word' id='word_1_84' title='bbox 557 1207 675 1284; x_wconf 90' lang='lat' dir='ltr'><strong>spatiari</strong></span> <span class='ocrx_word' id='word_1_85' title='bbox 698 1216 868 1285; x_wconf 88' lang='lat' dir='ltr'><strong>consuerat,</strong></span> <span class='ocrx_word' id='word_1_86' title='bbox 894 1209 996 1286; x_wconf 83' lang='lat' dir='ltr'><strong>parietes</strong></span> 
     </span>
     <span class='ocr_line' id='line_1_13' title="bbox 24 1288 996 1370; baseline -0.002 -19"><span class='ocrx_word' id='word_1_87' title='bbox 24 1292 162 1370; x_wconf 87' lang='lat' dir='ltr'><strong>plrengite</strong></span> <span class='ocrx_word' id='word_1_88' title='bbox 184 1288 280 1367; x_wconf 88' lang='lat' dir='ltr'><strong>lapide</strong></span> <span class='ocrx_word' id='word_1_89' title='bbox 306 1289 449 1366; x_wconf 84' lang='lat' dir='ltr'><strong>distinxit,</strong></span> <span class='ocrx_word' id='word_1_90' title='bbox 477 1309 494 1349; x_wconf 93' lang='lat' dir='ltr'><strong>e</strong></span> <span class='ocrx_word' id='word_1_91' title='bbox 517 1290 596 1349; x_wconf 89' lang='lat' dir='ltr'><strong>cuins</strong></span> <span class='ocrx_word' id='word_1_92' title='bbox 621 1289 777 1368; x_wconf 89' lang='lat' dir='ltr'><strong>splendore</strong></span> <span class='ocrx_word' id='word_1_93' title='bbox 803 1309 857 1370; x_wconf 92' lang='lat' dir='ltr'><strong>per</strong></span> <span class='ocrx_word' id='word_1_94' title='bbox 879 1293 996 1369; x_wconf 76' lang='lat' dir='ltr'><strong>imagines</strong></span> 
     </span>
     <span class='ocr_line' id='line_1_14' title="bbox 22 1373 996 1454; baseline -0.002 -20"><span class='ocrx_word' id='word_1_95' title='bbox 22 1373 159 1454; x_wconf 89' lang='lat' dir='ltr'><strong>quidquid</strong></span> <span class='ocrx_word' id='word_1_96' title='bbox 176 1390 192 1432; x_wconf 92' lang='lat' dir='ltr'><strong>a</strong></span> <span class='ocrx_word' id='word_1_97' title='bbox 213 1381 298 1449; x_wconf 88' lang='lat' dir='ltr'><strong>tergo</strong></span> <span class='ocrx_word' id='word_1_98' title='bbox 318 1373 402 1431; x_wconf 88' lang='lat' dir='ltr'><strong>fleret</strong></span> <span class='ocrx_word' id='word_1_99' title='bbox 422 1373 599 1451; x_wconf 84' lang='lat' dir='ltr'><strong>provideret.</strong></span> <span class='ocrx_word' id='word_1_100' title='bbox 634 1373 699 1435; x_wconf 88' lang='lat' dir='ltr'><strong>Nec</strong></span> <span class='ocrx_word' id='word_1_101' title='bbox 719 1375 773 1435; x_wconf 91' lang='lat' dir='ltr'><strong>nisi</strong></span> <span class='ocrx_word' id='word_1_102' title='bbox 794 1385 911 1436; x_wconf 88' lang='lat' dir='ltr'><strong>secreto</strong></span> <span class='ocrx_word' id='word_1_103' title='bbox 930 1385 996 1453; x_wconf 82' lang='lat' dir='ltr'><strong>atqua</strong></span> 
     </span>
     <span class='ocr_line' id='line_1_15' title="bbox 21 1456 995 1537; baseline 0 -20"><span class='ocrx_word' id='word_1_104' title='bbox 21 1459 101 1517; x_wconf 84' lang='lat' dir='ltr'><strong>solus</strong></span> <span class='ocrx_word' id='word_1_105' title='bbox 118 1457 273 1535; x_wconf 89' lang='lat' dir='ltr'><strong>plerasque</strong></span> <span class='ocrx_word' id='word_1_106' title='bbox 293 1456 456 1533; x_wconf 88' lang='lat' dir='ltr'><strong>custodias,</strong></span> <span class='ocrx_word' id='word_1_107' title='bbox 478 1460 606 1537; x_wconf 82' lang='lat' dir='ltr'><strong>receptis</strong></span> <span class='ocrx_word' id='word_1_108' title='bbox 625 1457 738 1536; x_wconf 90' lang='lat' dir='ltr'><strong>quidem</strong></span> <span class='ocrx_word' id='word_1_109' title='bbox 759 1459 787 1517; x_wconf 92' lang='lat' dir='ltr'><strong>in</strong></span> <span class='ocrx_word' id='word_1_110' title='bbox 808 1477 920 1518; x_wconf 90' lang='lat' dir='ltr'><strong>manum</strong></span> <span class='ocrx_word' id='word_1_111' title='bbox 940 1467 995 1519; x_wconf 84' lang='lat' dir='ltr'><strong>cate·</strong></span> 
     </span>
     <span class='ocr_line' id='line_1_16' title="bbox 20 1538 986 1620; baseline 0.001 -20"><span class='ocrx_word' id='word_1_112' title='bbox 20 1543 75 1605; x_wconf 84' lang='lat' dir='ltr'><strong>nis.</strong></span> <span class='ocrx_word' id='word_1_113' title='bbox 88 1538 232 1600; x_wconf 87' lang='lat' dir='ltr'><strong>audiebat.</strong></span> <span class='ocrx_word' id='word_1_114' title='bbox 264 1540 359 1619; x_wconf 91' lang='lat' dir='ltr'><strong>thue</strong></span> <span class='ocrx_word' id='word_1_115' title='bbox 382 1541 550 1602; x_wconf 84' lang='lat' dir='ltr'><strong>domesticis</strong></span> <span class='ocrx_word' id='word_1_116' title='bbox 576 1541 779 1620; x_wconf 84' lang='lat' dir='ltr'><strong>persuaderet,</strong></span> <span class='ocrx_word' id='word_1_117' title='bbox 804 1561 841 1601; x_wconf 92' lang='lat' dir='ltr'><strong>ne</strong></span> <span class='ocrx_word' id='word_1_118' title='bbox 861 1543 936 1603; x_wconf 94' lang='lat' dir='ltr'><strong>bono</strong></span> <span class='ocrx_word' id='word_1_119' title='bbox 953 1540 986 1620; x_wconf 84' lang='lat' dir='ltr'><strong>q‘</strong></span> 
     </span>
     <span class='ocr_line' id='line_1_17' title="bbox 19 1623 955 1706; baseline 0 -21"><span class='ocrx_word' id='word_1_120' title='bbox 19 1624 84 1685; x_wconf 85' lang='lat' dir='ltr'><strong>dero</strong></span> <span class='ocrx_word' id='word_1_121' title='bbox 102 1623 239 1702; x_wconf 80' lang='lat' dir='ltr'><strong>exemplo</strong></span> <span class='ocrx_word' id='word_1_122' title='bbox 255 1624 414 1684; x_wconf 93' lang='lat' dir='ltr'><strong>audendam</strong></span> <span class='ocrx_word' id='word_1_123' title='bbox 436 1644 503 1684; x_wconf 91' lang='lat' dir='ltr'><strong>esse</strong></span> <span class='ocrx_word' id='word_1_124' title='bbox 520 1627 633 1704; x_wconf 90' lang='lat' dir='ltr'><strong>patroni</strong></span> <span class='ocrx_word' id='word_1_125' title='bbox 649 1643 766 1702; x_wconf 90' lang='lat' dir='ltr'><strong>necem,</strong></span> <span class='ocrx_word' id='word_1_126' title='bbox 790 1624 955 1706; x_wconf 83' lang='lat' dir='ltr'><strong>Epaphrodi</strong></span> 
     </span>
     <span class='ocr_line' id='line_1_18' title="bbox 19 1708 996 1788; baseline 0.002 -19"><span class='ocrx_word' id='word_1_127' title='bbox 19 1708 159 1769; x_wconf 86' lang='lat' dir='ltr'><strong>alibellis</strong></span> <span class='ocrx_word' id='word_1_128' title='bbox 180 1708 297 1786; x_wconf 88' lang='lat' dir='ltr'><strong>capitali</strong></span> <span class='ocrx_word' id='word_1_129' title='bbox 320 1726 416 1787; x_wconf 87' lang='lat' dir='ltr'><strong>poena</strong></span> <span class='ocrx_word' id='word_1_130' title='bbox 440 1709 655 1788; x_wconf 85' lang='lat' dir='ltr'><strong>condemnavit,</strong></span> <span class='ocrx_word' id='word_1_131' title='bbox 678 1709 755 1788; x_wconf 93' lang='lat' dir='ltr'><strong>quod</strong></span> <span class='ocrx_word' id='word_1_132' title='bbox 777 1720 845 1788; x_wconf 90' lang='lat' dir='ltr'><strong>post</strong></span> <span class='ocrx_word' id='word_1_133' title='bbox 860 1710 996 1771; x_wconf 88' lang='lat' dir='ltr'><strong>destituti.</strong></span> 
     </span>
     <span class='ocr_line' id='line_1_19' title="bbox 19 1792 974 1871; baseline -0.001 -18"><span class='ocrx_word' id='word_1_134' title='bbox 19 1812 84 1853; x_wconf 84' lang='lat' dir='ltr'><strong>nem</strong></span> <span class='ocrx_word' id='word_1_135' title='bbox 100 1792 179 1853; x_wconf 72' lang='lat' dir='ltr'><strong>Nero</strong></span> <span class='ocrx_word' id='word_1_136' title='bbox 197 1794 225 1851; x_wconf 95' lang='lat' dir='ltr'><strong>in</strong></span> <span class='ocrx_word' id='word_1_137' title='bbox 242 1792 429 1871; x_wconf 90' lang='lat' dir='ltr'><strong>adipiscenda</strong></span> <span class='ocrx_word' id='word_1_138' title='bbox 442 1803 535 1853; x_wconf 90' lang='lat' dir='ltr'><strong>morte</strong></span> <span class='ocrx_word' id='word_1_139' title='bbox 554 1812 638 1853; x_wconf 92' lang='lat' dir='ltr'><strong>manu</strong></span> <span class='ocrx_word' id='word_1_140' title='bbox 659 1796 721 1854; x_wconf 90' lang='lat' dir='ltr'><strong>eius</strong></span> <span class='ocrx_word' id='word_1_141' title='bbox 741 1793 853 1855; x_wconf 85' lang='lat' dir='ltr'><strong>adiutus</strong></span> <span class='ocrx_word' id='word_1_142' title='bbox 875 1796 974 1855; x_wconf 81' lang='lat' dir='ltr'><strong>existim</strong></span> 
     </span>
     <span class='ocr_line' id='line_1_20' title="bbox 0 1875 992 1957; baseline -0.003 -19"><span class='ocrx_word' id='word_1_143' title='bbox 0 1877 115 1939; x_wconf 85' lang='lat' dir='ltr'><strong>batur.</strong></span> <span class='ocrx_word' id='word_1_144' title='bbox 147 1875 278 1956; x_wconf 85' lang='lat' dir='ltr'><strong>Denique</strong></span> <span class='ocrx_word' id='word_1_145' title='bbox 300 1876 429 1936; x_wconf 84' lang='lat' dir='ltr'><strong>Flavium</strong></span> <span class='ocrx_word' id='word_1_146' title='bbox 451 1875 629 1937; x_wconf 81' lang='lat' dir='ltr'><strong>Clementem</strong></span> <span class='ocrx_word' id='word_1_147' title='bbox 648 1877 808 1957; x_wconf 89' lang='lat' dir='ltr'><strong>patruelem</strong></span> <span class='ocrx_word' id='word_1_148' title='bbox 832 1897 926 1956; x_wconf 90' lang='lat' dir='ltr'><strong>suum,</strong></span> <span class='ocrx_word' id='word_1_149' title='bbox 946 1892 992 1938; x_wconf 87' lang='lat' dir='ltr'><strong>cor</strong></span> 
     </span>
     <span class='ocr_line' id='line_1_21' title="bbox 20 1961 1013 2042; baseline -0.001 -20"><span class='ocrx_word' id='word_1_150' title='bbox 20 1964 228 2042; x_wconf 81' lang='lat' dir='ltr'><strong>temptissimae</strong></span> <span class='ocrx_word' id='word_1_151' title='bbox 243 1963 379 2036; x_wconf 89' lang='lat' dir='ltr'><strong>inertiae,</strong></span> <span class='ocrx_word' id='word_1_152' title='bbox 404 1962 485 2020; x_wconf 92' lang='lat' dir='ltr'><strong>cuius</strong></span> <span class='ocrx_word' id='word_1_153' title='bbox 508 1961 585 2022; x_wconf 86' lang='lat' dir='ltr'><strong>lilios</strong></span> <span class='ocrx_word' id='word_1_154' title='bbox 607 1961 771 2022; x_wconf 87' lang='lat' dir='ltr'><strong>etiamtum</strong></span> <span class='ocrx_word' id='word_1_155' title='bbox 797 1963 935 2040; x_wconf 90' lang='lat' dir='ltr'><strong>parvulos</strong></span> <span class='ocrx_word' id='word_1_156' title='bbox 949 1979 974 2022; x_wconf 89' lang='lat' dir='ltr'><strong>su</strong></span> <span class='ocrx_word' id='word_1_157' title='bbox 1010 2026 1013 2040; x_wconf 55' lang='grc'>,</span> 
     </span>
     <span class='ocr_line' id='line_1_22' title="bbox 21 2045 966 2126; baseline -0.002 -19"><span class='ocrx_word' id='word_1_158' title='bbox 21 2064 158 2109; x_wconf 79' lang='lat' dir='ltr'><strong>cessores</strong></span> <span class='ocrx_word' id='word_1_159' title='bbox 174 2046 269 2126; x_wconf 87' lang='lat' dir='ltr'><strong>palam</strong></span> <span class='ocrx_word' id='word_1_160' title='bbox 285 2045 479 2105; x_wconf 82' lang='lat' dir='ltr'><strong>destinaverat</strong></span> <span class='ocrx_word' id='word_1_161' title='bbox 493 2054 538 2122; x_wconf 93' lang='lat' dir='ltr'><strong>et,</strong></span> <span class='ocrx_word' id='word_1_162' title='bbox 554 2045 662 2106; x_wconf 92' lang='lat' dir='ltr'><strong>abolito</strong></span> <span class='ocrx_word' id='word_1_163' title='bbox 678 2047 776 2124; x_wconf 91' lang='lat' dir='ltr'><strong>priore</strong></span> <span class='ocrx_word' id='word_1_164' title='bbox 792 2049 924 2123; x_wconf 91' lang='lat' dir='ltr'><strong>nomine,</strong></span> <span class='ocrx_word' id='word_1_165' title='bbox 944 2045 966 2106; x_wconf 91' lang='lat' dir='ltr'><strong>al</strong></span> 
     </span>
     <span class='ocr_line' id='line_1_23' title="bbox 20 2128 996 2210; baseline -0.002 -19"><span class='ocrx_word' id='word_1_166' title='bbox 20 2150 82 2191; x_wconf 83' lang='lat' dir='ltr'><strong>rom</strong></span> <span class='ocrx_word' id='word_1_167' title='bbox 103 2133 312 2210; x_wconf 72' lang='lat' dir='ltr'><strong>Vespasianum</strong></span> <span class='ocrx_word' id='word_1_168' title='bbox 332 2128 474 2208; x_wconf 89' lang='lat' dir='ltr'><strong>appellari</strong></span> <span class='ocrx_word' id='word_1_169' title='bbox 498 2130 638 2205; x_wconf 88' lang='lat' dir='ltr'><strong>iusserat,</strong></span> <span class='ocrx_word' id='word_1_170' title='bbox 664 2129 785 2189; x_wconf 91' lang='lat' dir='ltr'><strong>alterum</strong></span> <span class='ocrx_word' id='word_1_171' title='bbox 814 2130 996 2201; x_wconf 78' lang='lat' dir='ltr'><strong>Domitianus.</strong></span> 
     </span>
     <span class='ocr_line' id='line_1_24' title="bbox 19 2213 973 2294; baseline -0.004 -19"><span class='ocrx_word' id='word_1_172' title='bbox 19 2224 142 2294; x_wconf 81' lang='lat' dir='ltr'><strong>repente</strong></span> <span class='ocrx_word' id='word_1_173' title='bbox 165 2233 203 2274; x_wconf 78' lang='lat' dir='ltr'><strong>ex</strong></span> <span class='ocrx_word' id='word_1_174' title='bbox 228 2214 393 2274; x_wconf 88' lang='lat' dir='ltr'><strong>tenuissima</strong></span> <span class='ocrx_word' id='word_1_175' title='bbox 423 2213 584 2291; x_wconf 87' lang='lat' dir='ltr'><strong>suspitione</strong></span> <span class='ocrx_word' id='word_1_176' title='bbox 608 2221 714 2274; x_wconf 91' lang='lat' dir='ltr'><strong>tantum</strong></span> <span class='ocrx_word' id='word_1_177' title='bbox 740 2230 797 2272; x_wconf 89' lang='lat' dir='ltr'><strong>nou</strong></span> <span class='ocrx_word' id='word_1_178' title='bbox 819 2215 931 2294; x_wconf 89' lang='lat' dir='ltr'><strong>inipso</strong></span> <span class='ocrx_word' id='word_1_179' title='bbox 952 2213 973 2274; x_wconf 90' lang='lat' dir='ltr'><strong>ei</strong></span> 
     </span>
     <span class='ocr_line' id='line_1_25' title="bbox 20 2297 993 2371; baseline -0.003 -13"><span class='ocrx_word' id='word_1_180' title='bbox 20 2299 170 2358; x_wconf 80' lang='lat' dir='ltr'><strong>consulatu</strong></span> <span class='ocrx_word' id='word_1_181' title='bbox 182 2300 332 2358; x_wconf 88' lang='lat' dir='ltr'><strong>interemit.</strong></span> <span class='ocrx_word' id='word_1_182' title='bbox 360 2297 424 2371; x_wconf 81' lang='lat' dir='ltr'><strong>Quo</strong></span> <span class='ocrx_word' id='word_1_183' title='bbox 435 2297 557 2357; x_wconf 85' lang='lat' dir='ltr'><strong>maxime</strong></span> <span class='ocrx_word' id='word_1_184' title='bbox 570 2297 647 2357; x_wconf 91' lang='lat' dir='ltr'><strong>lacto</strong></span> <span class='ocrx_word' id='word_1_185' title='bbox 659 2298 808 2357; x_wconf 85' lang='lat' dir='ltr'><strong>maturavit</strong></span> <span class='ocrx_word' id='word_1_186' title='bbox 821 2298 876 2357; x_wconf 93' lang='lat' dir='ltr'><strong>sibi</strong></span> <span class='ocrx_word' id='word_1_187' title='bbox 890 2299 993 2359; x_wconf 75' lang='lat' dir='ltr'><strong>axium</strong></span> 
     </span>
     <span class='ocr_line' id='line_1_26' title="bbox 81 2379 971 2459; baseline 0.003 -20"><span class='ocrx_word' id='word_1_188' title='bbox 81 2380 230 2439; x_wconf 67' lang='lat' dir='ltr'><strong>luntianis</strong></span> <span class='ocrx_word' id='word_1_189' title='bbox 256 2390 324 2440; x_wconf 85' lang='lat' dir='ltr'><strong>octo</strong></span> <span class='ocrx_word' id='word_1_190' title='bbox 350 2379 497 2439; x_wconf 92' lang='lat' dir='ltr'><strong>mensibus</strong></span> <span class='ocrx_word' id='word_1_191' title='bbox 525 2390 568 2440; x_wconf 91' lang='lat' dir='ltr'><strong>tot</strong></span> <span class='ocrx_word' id='word_1_192' title='bbox 591 2381 706 2458; x_wconf 81' lang='lat' dir='ltr'><strong>fulgura</strong></span> <span class='ocrx_word' id='word_1_193' title='bbox 727 2381 806 2440; x_wconf 91' lang='lat' dir='ltr'><strong>lacta</strong></span> <span class='ocrx_word' id='word_1_194' title='bbox 831 2385 971 2459; x_wconf 87' lang='lat' dir='ltr'><strong>nuntiataq</strong></span> 
     </span>
    </p>

    <p class='ocr_par' dir='ltr' id='par_1_5' title="bbox 13 2462 1013 3210">
     <span class='ocr_line' id='line_1_27' title="bbox 17 2462 960 2544; baseline 0.006 -24"><span class='ocrx_word' id='word_1_195' title='bbox 17 2472 91 2537; x_wconf 86' lang='lat' dir='ltr'><strong>sunt,</strong></span> <span class='ocrx_word' id='word_1_196' title='bbox 108 2472 136 2521; x_wconf 89' lang='lat' dir='ltr'><strong>nt</strong></span> <span class='ocrx_word' id='word_1_197' title='bbox 152 2463 375 2523; x_wconf 80' lang='lat' dir='ltr'><strong>exclamaverit:</strong></span> <span class='ocrx_word' id='word_1_198' title='bbox 398 2462 508 2523; x_wconf 76' lang='lat' dir='ltr'><strong>Feriat</strong></span> <span class='ocrx_word' id='word_1_199' title='bbox 520 2463 594 2540; x_wconf 75' lang='lat' dir='ltr'><strong>iam,</strong></span> <span class='ocrx_word' id='word_1_200' title='bbox 610 2482 697 2544; x_wconf 83' lang='lat' dir='ltr'><strong>quem</strong></span> <span class='ocrx_word' id='word_1_201' title='bbox 711 2462 810 2525; x_wconf 76' lang='lat' dir='ltr'><strong>colet!</strong></span> <span class='ocrx_word' id='word_1_202' title='bbox 845 2466 960 2526; x_wconf 83' lang='lat' dir='ltr'><strong>Tectum</strong></span> 
     </span>
     <span class='ocr_line' id='line_1_28' title="bbox 16 2544 1013 2629; baseline 0.002 -24"><span class='ocrx_word' id='word_1_203' title='bbox 16 2546 101 2605; x_wconf 87' lang='lat' dir='ltr'><strong>eaelo</strong></span> <span class='ocrx_word' id='word_1_204' title='bbox 125 2544 297 2624; x_wconf 84' lang='lat' dir='ltr'><strong>Capitolium</strong></span> <span class='ocrx_word' id='word_1_205' title='bbox 318 2547 513 2624; x_wconf 91' lang='lat' dir='ltr'><strong>templumque</strong></span> <span class='ocrx_word' id='word_1_206' title='bbox 538 2547 657 2608; x_wconf 80' lang='lat' dir='ltr'><strong>Flaviae</strong></span> <span class='ocrx_word' id='word_1_207' title='bbox 683 2549 795 2625; x_wconf 87' lang='lat' dir='ltr'><strong>gentis,</strong></span> <span class='ocrx_word' id='word_1_208' title='bbox 821 2550 888 2610; x_wconf 92' lang='lat' dir='ltr'><strong>item</strong></span> <span class='ocrx_word' id='word_1_209' title='bbox 915 2549 973 2609; x_wconf 91' lang='lat' dir='ltr'><strong>don</strong></span> <span class='ocrx_word' id='word_1_210' title='bbox 1011 2624 1013 2629; x_wconf 46' lang='lat'><strong>.</strong></span> 
     </span>
     <span class='ocr_line' id='line_1_29' title="bbox 16 2628 996 2710; baseline 0 -20"><span class='ocrx_word' id='word_1_211' title='bbox 16 2629 144 2691; x_wconf 84' lang='lat' dir='ltr'><strong>Palatina</strong></span> <span class='ocrx_word' id='word_1_212' title='bbox 160 2637 188 2689; x_wconf 89' lang='lat' dir='ltr'><strong>et</strong></span> <span class='ocrx_word' id='word_1_213' title='bbox 203 2628 364 2688; x_wconf 90' lang='lat' dir='ltr'><strong>cubiculum</strong></span> <span class='ocrx_word' id='word_1_214' title='bbox 385 2631 488 2707; x_wconf 85' lang='lat' dir='ltr'><strong>ipsius,</strong></span> <span class='ocrx_word' id='word_1_215' title='bbox 506 2640 593 2710; x_wconf 91' lang='lat' dir='ltr'><strong>atque</strong></span> <span class='ocrx_word' id='word_1_216' title='bbox 611 2633 696 2693; x_wconf 92' lang='lat' dir='ltr'><strong>etiam</strong></span> <span class='ocrx_word' id='word_1_217' title='bbox 712 2649 728 2691; x_wconf 93' lang='lat' dir='ltr'><strong>e</strong></span> <span class='ocrx_word' id='word_1_218' title='bbox 745 2631 809 2692; x_wconf 91' lang='lat' dir='ltr'><strong>basi</strong></span> <span class='ocrx_word' id='word_1_219' title='bbox 833 2641 943 2694; x_wconf 86' lang='lat' dir='ltr'><strong>statuae</strong></span> <span class='ocrx_word' id='word_1_220' title='bbox 963 2629 996 2690; x_wconf 88' lang='lat' dir='ltr'><strong>tri·</strong></span> 
     </span>
     <span class='ocr_line' id='line_1_30' title="bbox 16 2712 996 2794; baseline 0 -20"><span class='ocrx_word' id='word_1_221' title='bbox 16 2713 158 2792; x_wconf 85' lang='lat' dir='ltr'><strong>omphalis</strong></span> <span class='ocrx_word' id='word_1_222' title='bbox 180 2712 277 2772; x_wconf 89' lang='lat' dir='ltr'><strong>titulus</strong></span> <span class='ocrx_word' id='word_1_223' title='bbox 291 2730 432 2772; x_wconf 87' lang='lat' dir='ltr'><strong>excussus</strong></span> <span class='ocrx_word' id='word_1_224' title='bbox 452 2715 481 2773; x_wconf 82' lang='lat' dir='ltr'><strong>ri</strong></span> <span class='ocrx_word' id='word_1_225' title='bbox 504 2715 655 2792; x_wconf 90' lang='lat' dir='ltr'><strong>procellae</strong></span> <span class='ocrx_word' id='word_1_226' title='bbox 678 2716 706 2774; x_wconf 92' lang='lat' dir='ltr'><strong>in</strong></span> <span class='ocrx_word' id='word_1_227' title='bbox 725 2716 928 2777; x_wconf 89' lang='lat' dir='ltr'><strong>monimentum</strong></span> <span class='ocrx_word' id='word_1_228' title='bbox 945 2729 996 2794; x_wconf 83' lang='lat' dir='ltr'><strong>pro</strong></span> 
     </span>
     <span class='ocr_line' id='line_1_31' title="bbox 15 2795 984 2880; baseline 0.001 -22"><span class='ocrx_word' id='word_1_229' title='bbox 15 2815 129 2859; x_wconf 81' lang='lat' dir='ltr'><strong>numum</strong></span> <span class='ocrx_word' id='word_1_230' title='bbox 156 2795 270 2856; x_wconf 91' lang='lat' dir='ltr'><strong>decidit.</strong></span> <span class='ocrx_word' id='word_1_231' title='bbox 314 2795 427 2873; x_wconf 77' lang='lat' dir='ltr'><strong>Arbor,</strong></span> <span class='ocrx_word' id='word_1_232' title='bbox 457 2815 532 2876; x_wconf 89' lang='lat' dir='ltr'><strong>quae</strong></span> <span class='ocrx_word' id='word_1_233' title='bbox 560 2799 674 2879; x_wconf 83' lang='lat' dir='ltr'><strong>priuato</strong></span> <span class='ocrx_word' id='word_1_234' title='bbox 707 2797 799 2859; x_wconf 88' lang='lat' dir='ltr'><strong>adbuc</strong></span> <span class='ocrx_word' id='word_1_235' title='bbox 831 2801 984 2880; x_wconf 80' lang='lat' dir='ltr'><strong>Vespasiae</strong></span> 
     </span>
     <span class='ocr_line' id='line_1_32' title="bbox 15 2882 972 2961; baseline 0.001 -20"><span class='ocrx_word' id='word_1_236' title='bbox 15 2899 120 2941; x_wconf 80' lang='lat' dir='ltr'><strong>euersa</strong></span> <span class='ocrx_word' id='word_1_237' title='bbox 137 2888 316 2957; x_wconf 82' lang='lat' dir='ltr'><strong>surrexerat,</strong></span> <span class='ocrx_word' id='word_1_238' title='bbox 335 2890 402 2940; x_wconf 88' lang='lat' dir='ltr'><strong>tunc</strong></span> <span class='ocrx_word' id='word_1_239' title='bbox 416 2900 516 2941; x_wconf 90' lang='lat' dir='ltr'><strong>rursus</strong></span> <span class='ocrx_word' id='word_1_240' title='bbox 532 2891 655 2961; x_wconf 90' lang='lat' dir='ltr'><strong>repente</strong></span> <span class='ocrx_word' id='word_1_241' title='bbox 673 2884 790 2943; x_wconf 91' lang='lat' dir='ltr'><strong>corruit.</strong></span> <span class='ocrx_word' id='word_1_242' title='bbox 825 2882 972 2944; x_wconf 86' lang='lat' dir='ltr'><strong>Praenest‘</strong></span> 
     </span>
     <span class='ocr_line' id='line_1_33' title="bbox 14 2963 978 3044; baseline 0.003 -19"><span class='ocrx_word' id='word_1_243' title='bbox 14 2963 158 3035; x_wconf 76' lang='lat' dir='ltr'><strong>Fortuna,</strong></span> <span class='ocrx_word' id='word_1_244' title='bbox 176 2973 238 3025; x_wconf 89' lang='lat' dir='ltr'><strong>toto</strong></span> <span class='ocrx_word' id='word_1_245' title='bbox 253 2965 365 3044; x_wconf 91' lang='lat' dir='ltr'><strong>imperii</strong></span> <span class='ocrx_word' id='word_1_246' title='bbox 380 2967 475 3044; x_wconf 90' lang='lat' dir='ltr'><strong>spatio</strong></span> <span class='ocrx_word' id='word_1_247' title='bbox 494 2983 597 3026; x_wconf 94' lang='lat' dir='ltr'><strong>aunum</strong></span> <span class='ocrx_word' id='word_1_248' title='bbox 615 2983 720 3026; x_wconf 84' lang='lat' dir='ltr'><strong>novum</strong></span> <span class='ocrx_word' id='word_1_249' title='bbox 734 2967 944 3028; x_wconf 89' lang='lat' dir='ltr'><strong>commendanti</strong></span> <span class='ocrx_word' id='word_1_250' title='bbox 954 2967 978 3027; x_wconf 91' lang='lat' dir='ltr'><strong>la</strong></span> 
     </span>
     <span class='ocr_line' id='line_1_34' title="bbox 14 3049 979 3128; baseline 0.001 -20"><span class='ocrx_word' id='word_1_251' title='bbox 14 3057 70 3108; x_wconf 88' lang='lat' dir='ltr'><strong>tam</strong></span> <span class='ocrx_word' id='word_1_252' title='bbox 89 3049 267 3126; x_wconf 88' lang='lat' dir='ltr'><strong>eandemque</strong></span> <span class='ocrx_word' id='word_1_253' title='bbox 286 3066 403 3128; x_wconf 87' lang='lat' dir='ltr'><strong>semper</strong></span> <span class='ocrx_word' id='word_1_254' title='bbox 418 3058 526 3109; x_wconf 91' lang='lat' dir='ltr'><strong>sortem</strong></span> <span class='ocrx_word' id='word_1_255' title='bbox 540 3049 609 3110; x_wconf 92' lang='lat' dir='ltr'><strong>dare</strong></span> <span class='ocrx_word' id='word_1_256' title='bbox 625 3058 751 3127; x_wconf 89' lang='lat' dir='ltr'><strong>assueta,</strong></span> <span class='ocrx_word' id='word_1_257' title='bbox 765 3059 897 3112; x_wconf 82' lang='lat' dir='ltr'><strong>extremo</strong></span> <span class='ocrx_word' id='word_1_258' title='bbox 910 3050 979 3112; x_wconf 89' lang='lat' dir='ltr'><strong>tristi</strong></span> 
     </span>
     <span class='ocr_line' id='line_1_35' title="bbox 13 3132 747 3210; baseline -0.001 -17"><span class='ocrx_word' id='word_1_259' title='bbox 13 3135 112 3193; x_wconf 82' lang='lat' dir='ltr'><strong>simam</strong></span> <span class='ocrx_word' id='word_1_260' title='bbox 130 3132 262 3208; x_wconf 89' lang='lat' dir='ltr'><strong>reddidit,</strong></span> <span class='ocrx_word' id='word_1_261' title='bbox 279 3151 335 3193; x_wconf 91' lang='lat' dir='ltr'><strong>nec</strong></span> <span class='ocrx_word' id='word_1_262' title='bbox 355 3135 417 3192; x_wconf 90' lang='lat' dir='ltr'><strong>sine</strong></span> <span class='ocrx_word' id='word_1_263' title='bbox 432 3135 579 3210; x_wconf 90' lang='lat' dir='ltr'><strong>sanguinis</strong></span> <span class='ocrx_word' id='word_1_264' title='bbox 593 3134 747 3194; x_wconf 89' lang='lat' dir='ltr'><strong>mentione.</strong></span> 
     </span>
    </p>

    <p class='ocr_par' dir='ltr' id='par_1_6' title="bbox 10 3215 990 3538">
     <span class='ocr_line' id='line_1_36' title="bbox 75 3215 978 3295; baseline 0.002 -19"><span class='ocrx_word' id='word_1_265' title='bbox 75 3215 246 3294; x_wconf 79' lang='lat' dir='ltr'><strong>bliuervam,</strong></span> <span class='ocrx_word' id='word_1_266' title='bbox 265 3235 349 3295; x_wconf 88' lang='lat' dir='ltr'><strong>qaam</strong></span> <span class='ocrx_word' id='word_1_267' title='bbox 364 3219 567 3295; x_wconf 87' lang='lat' dir='ltr'><strong>superstitiose</strong></span> <span class='ocrx_word' id='word_1_268' title='bbox 591 3216 723 3295; x_wconf 89' lang='lat' dir='ltr'><strong>colebat,</strong></span> <span class='ocrx_word' id='word_1_269' title='bbox 749 3219 903 3279; x_wconf 83' lang='lat' dir='ltr'><strong>somniavit</strong></span> <span class='ocrx_word' id='word_1_270' title='bbox 927 3236 978 3280; x_wconf 86' lang='lat' dir='ltr'><strong>exc</strong></span> 
     </span>
     <span class='ocr_line' id='line_1_37' title="bbox 12 3296 988 3382; baseline 0.007 -27"><span class='ocrx_word' id='word_1_271' title='bbox 12 3296 82 3357; x_wconf 89' lang='lat' dir='ltr'><strong>dere</strong></span> <span class='ocrx_word' id='word_1_272' title='bbox 100 3302 229 3359; x_wconf 89' lang='lat' dir='ltr'><strong>sacrario</strong></span> <span class='ocrx_word' id='word_1_273' title='bbox 249 3300 492 3378; x_wconf 77' lang='lat' dir='ltr'><strong>*negantemque</strong></span> <span class='ocrx_word' id='word_1_274' title='bbox 508 3301 581 3362; x_wconf 91' lang='lat' dir='ltr'><strong>ultra</strong></span> <span class='ocrx_word' id='word_1_275' title='bbox 600 3319 632 3361; x_wconf 87' lang='lat' dir='ltr'><strong>se</strong></span> <span class='ocrx_word' id='word_1_276' title='bbox 648 3303 721 3360; x_wconf 92' lang='lat' dir='ltr'><strong>tueri</strong></span> <span class='ocrx_word' id='word_1_277' title='bbox 734 3320 798 3362; x_wconf 90' lang='lat' dir='ltr'><strong>eum</strong></span> <span class='ocrx_word' id='word_1_278' title='bbox 818 3319 920 3380; x_wconf 91' lang='lat' dir='ltr'><strong>posse,</strong></span> <span class='ocrx_word' id='word_1_279' title='bbox 938 3317 988 3382; x_wconf 89' lang='lat' dir='ltr'><strong>quo</strong></span> 
     </span>
     <span class='ocr_line' id='line_1_38' title="bbox 10 3382 978 3463; baseline 0.009 -26"><span class='ocrx_word' id='word_1_280' title='bbox 10 3391 157 3441; x_wconf 78' lang='lat' dir='ltr'><strong>exarmata</strong></span> <span class='ocrx_word' id='word_1_281' title='bbox 180 3391 290 3443; x_wconf 90' lang='lat' dir='ltr'><strong>esseta</strong></span> <span class='ocrx_word' id='word_1_282' title='bbox 310 3382 391 3443; x_wconf 82' lang='lat' dir='ltr'><strong>love.</strong></span> <span class='ocrx_word' id='word_1_283' title='bbox 428 3383 514 3442; x_wconf 91' lang='lat' dir='ltr'><strong>Nulla</strong></span> <span class='ocrx_word' id='word_1_284' title='bbox 537 3393 632 3443; x_wconf 90' lang='lat' dir='ltr'><strong>tamen</strong></span> <span class='ocrx_word' id='word_1_285' title='bbox 652 3402 686 3443; x_wconf 93' lang='lat' dir='ltr'><strong>re</strong></span> <span class='ocrx_word' id='word_1_286' title='bbox 707 3386 828 3463; x_wconf 90' lang='lat' dir='ltr'><strong>perinde</strong></span> <span class='ocrx_word' id='word_1_287' title='bbox 854 3395 978 3446; x_wconf 90' lang='lat' dir='ltr'><strong>commot</strong></span> 
     </span>
     <span class='ocr_line' id='line_1_39' title="bbox 10 3465 990 3538; baseline 0.008 -18"><span class='ocrx_word' id='word_1_288' title='bbox 10 3471 62 3538; x_wconf 90' lang='lat' dir='ltr'><strong>est,</strong></span> <span class='ocrx_word' id='word_1_289' title='bbox 77 3481 160 3523; x_wconf 69' lang='lat' dir='ltr'><strong>uuam</strong></span> <span class='ocrx_word' id='word_1_290' title='bbox 177 3482 319 3514; x_wconf 58' lang='lat' dir='ltr'><strong>*aarum</strong></span> <span class='ocrx_word' id='word_1_291' title='bbox 343 3483 461 3514; x_wconf 61' lang='lat' dir='ltr'><strong>usuque</strong></span> <span class='ocrx_word' id='word_1_292' title='bbox 478 3465 684 3524; x_wconf 64' lang='lat' dir='ltr'><strong>Ascletarionis</strong></span> <span class='ocrx_word' id='word_1_293' title='bbox 695 3468 899 3530; x_wconf 87' lang='lat' dir='ltr'><strong>mathematici.</strong></span> <span class='ocrx_word' id='word_1_294' title='bbox 932 3470 990 3530; x_wconf 88' lang='lat' dir='ltr'><strong>llun</strong></span> 
     </span>
    </p>
   </div>
   <div class='ocr_carea' id='block_1_5' title="bbox 0 0 1148 3944">
    <p class='ocr_par' dir='ltr' id='par_1_7' title="bbox 0 0 1148 3944">
     <span class='ocr_line' id='line_1_40' title="bbox 0 0 1148 3944; baseline 0 2"><span class='ocrx_word' id='word_1_295' title='bbox 0 0 1148 3944; x_wconf 95' lang='lat' dir='ltr'><strong> </strong></span> 
     </span>
    </p>
   </div>
  </div>
 </body>
</html>
