2256 3930
105 249 163 312 122
195 262 223 310 c.
240 260 389 308 sunuoru
406 259 694 319 TRANQ.DEV1TA
711 259 894 307 cussinum
912 258 986 305 nnn.
999 258 1070 307 1111.

103 426 183 477 natus
207 415 377 475 Germanico
402 415 476 473 lilius
499 414 596 474 Tiburi
616 414 726 491 iuerat,
753 413 917 493 appellatus
941 413 1061 492 etipse
1079 412 1108 474 (l.

104 500 226 567 (laesam
250 498 285 558 de
308 499 387 557 cuius
405 498 517 559 amabili
542 498 663 576 pueritia
685 499 891 576 immaturoque
914 496 999 556 obitu
1023 515 1107 576 supra

102 586 231 645 diximus.
264 581 383 642 Plinium
400 583 496 659 arguit
515 584 588 643 ratio
609 591 781 659 temporum.
812 580 885 641 Nam
906 582 957 660 qui
978 598 1035 640 res
1051 581 1105 641 Au·

102 670 178 746 gusti
198 667 353 726 memoriae
374 666 548 742 mandarunt,
570 664 768 726 Germanicum
785 673 890 724 exacto
906 664 1069 725 consulatu
1082 667 1105 724 in

103 753 221 814 Galliam
236 753 351 810 missum
367 752 557 827 consentiunt,
569 751 624 809 iam
639 758 706 809 nato
721 748 801 810 Gaio.
817 748 881 807 Nec
898 747 974 808 Plini
994 751 1120 828 opinio-s

102 855 166 896 nem
182 837 332 913 inscriptio
349 852 416 894 arae
434 836 586 912 quicquam
602 832 758 909 adiuverit,
794 850 857 891 cum
873 831 1048 911 Agrippina
1064 833 1104 892 bis

102 922 130 979 in
152 938 186 979 ea
206 919 330 995 regione
352 919 425 978 lilius
449 919 534 977 enixa
556 918 609 993 sit,
635 926 664 976 et
688 917 903 995 qualiscumque
922 925 1031 995 partus
1047 919 1103 976 sine

102 1003 161 1063 ullo
177 1021 265 1062 sexus
278 1002 439 1061 discrimine
451 1002 635 1081 puerperium
650 1010 782 1077 vocetur,
800 998 878 1078 quod
892 1001 1007 1079 antiqui
1023 1004 1102 1061 etiam

104 1087 214 1166 puellas
231 1104 347 1164 pucras,
363 1087 437 1146 sicut
452 1095 480 1144 et
499 1102 608 1164 pueros
623 1084 738 1163 puellos
752 1084 925 1144 dictitarent.
962 1083 1058 1146 Extat
1079 1093 1103 1144 et

102 1171 225 1248 Augusti
244 1169 377 1248 epistula,
393 1178 458 1229 ante
473 1186 584 1248 paucos
600 1185 684 1246 quam
699 1167 793 1228 obiret
808 1184 926 1227 menses
942 1167 981 1227 ad
997 1168 1125 1247 Agrip-1

104 1256 197 1332 pinam
212 1261 328 1331 neptem
343 1255 382 1312 ita
396 1254 505 1330 scripta
521 1253 556 1311 de
574 1251 644 1313 Gaio
660 1252 718 1312 boc
734 1253 936 1332 (nequeenim
952 1253 1104 1332 quisquam

102 1342 158 1398 iam
176 1338 248 1397 alius
264 1337 357 1396 infans
367 1337 481 1395 nomine
497 1337 559 1415 pari
571 1345 639 1395 tunc
651 1335 833 1415 supereratz)
846 1333 982 1395 Puerum
995 1336 1105 1397 Gaium

103 1419 169 1482 XV.
189 1419 238 1480 Kt.
258 1418 326 1479 lun.
343 1419 372 1479 si
396 1419 441 1479 dii
460 1420 616 1480 volontati
636 1418 782 1480 ducerent
805 1417 954 1480 Talarius
976 1427 1010 1481 ct
1022 1418 1103 1481 Asil-

103 1505 178 1578 lius,
199 1503 351 1570 bonicum
372 1502 413 1562 iis
433 1503 585 1563 constitui.
630 1502 718 1564 Mitto
733 1509 902 1581 praetereo
920 1522 993 1563 cnm
1015 1523 1052 1566 co
1068 1523 1105 1565 eu

102 1587 202 1647 servis
216 1587 291 1646 meis
309 1586 468 1662 medicum,
485 1604 572 1665 quern
590 1587 707 1665 scripsi
721 1586 904 1648 Germanico
917 1588 947 1646 si
965 1588 1062 1649 vellet
1074 1594 1125 1648 ott

102 1671 256 1732 retineret.
294 1669 434 1746 Vuiedis,
458 1688 527 1730 meo
544 1668 736 1750 Aprippino,
757 1676 786 1731 et
808 1668 900 1731 dubis
919 1689 1055 1749 operam
1075 1678 1108 1732 nt

103 1755 211 1815 colens
227 1755 395 1832 peruenias
416 1754 460 1813 ud
485 1753 699 1814 Germanicum
722 1760 813 1814 tuum.
848 1754 975 1814 Abunde
999 1773 1105 1834 parere

104 1838 244 1914 arbitror,
267 1856 324 1896 uon
345 1841 473 1916 potuisse
493 1837 532 1896 ibi
556 1840 636 1898 nasci
655 1837 768 1914 Gaium,
792 1856 849 1917 quo
867 1855 963 1917 prope
980 1838 1106 1899 bimulus

104 1923 214 1982 demum
238 1921 393 1999 perductus
414 1922 450 1982 ab
469 1923 540 1981 urbe
562 1923 607 1981 sit.
641 1922 859 1982 Versiculorum
877 1939 997 2001 quoque
1021 1923 1107 1983 lidein

103 2006 203 2066 eadem
219 2005 292 2064 haec
309 2005 425 2065 elevant
443 2015 472 2065 et
485 2023 520 2065 eo
535 2005 659 2081 facilius,
684 2005 760 2084 quod
775 2007 794 2064 ii
810 2008 873 2066 sinc
888 2016 1013 2066 auctore
1030 2016 1104 2067 sunt.
1125 2044 1126 2049 κ

103 2088 256 2169 Sequenda
273 2098 317 2149 est
332 2090 428 2167 igitur,
453 2108 525 2169 quae
543 2089 606 2150 sola
620 2098 711 2148 restat
726 2088 834 2168 publici
854 2090 1038 2150 instrumenti
1060 2110 1106 2151 au·

104 2175 234 2249 ctoritas,
247 2176 418 2252 praesertim
435 2192 498 2232 oum
512 2173 597 2235 Gaius
609 2173 734 2250 Antium,
750 2173 881 2233 omnibus
894 2191 1015 2253 semper
1031 2175 1106 2236 locis

104 2266 188 2335 atque
208 2257 376 2316 secessibus
397 2258 571 2336 praelatum,
595 2274 652 2316 non
673 2256 757 2316 aliter
780 2275 864 2335 quam
884 2257 982 2317 natale
1012 2259 1105 2319 solum

104 2340 237 2399 dilexerit
251 2341 435 2419 tradaturque
458 2343 542 2400 etiam
558 2340 656 2399 sedem
672 2359 707 2400 ac
721 2340 896 2401 domicilium
912 2342 1028 2420 imperii
1044 2353 1104 2403 tae·

105 2424 150 2482 dio
167 2423 246 2480 urbis
263 2425 420 2483 transferre
439 2442 475 2483 eo
493 2425 663 2483 destinasse.
1112 2446 1127 2485 a

72 2515 90 2568 9
167 2504 318 2580 Caligulae
333 2525 495 2584 cognomen
508 2510 647 2567 castrensi
664 2509 730 2567 ioco
747 2510 842 2584 traxit,
860 2508 926 2587 quia
943 2511 1103 2589 manipula·

104 2590 147 2647 rio
164 2586 261 2645 babitu
277 2590 350 2648 inter
362 2591 465 2650 milites
477 2591 658 2651 educabatur.
681 2591 767 2669 llpud
780 2609 854 2668 quos
868 2599 1005 2669 quantum
1020 2613 1103 2672 prae·

104 2680 184 2732 terea
203 2672 342 2749 perhanc
360 2677 594 2734 nutrimentorum
617 2675 851 2735 consuetudinem
874 2692 975 2735 amore
993 2687 1023 2736 et
1039 2697 1103 2754 gra·

103 2759 142 2816 tia
155 2755 294 2832 valuerit,
312 2760 433 2818 maxime
450 2762 595 2835 cognitum
609 2767 654 2818 est
671 2777 734 2818 cum
749 2767 817 2837 post
831 2777 987 2818 excessum
1003 2761 1103 2839 Augu·

104 2843 140 2901 sti
155 2839 348 2901 tumultuantis
361 2851 389 2901 et
403 2843 430 2900 in
444 2843 570 2901 furorem
583 2861 675 2920 usque
691 2844 868 2921 praecipites
881 2843 963 2902 solus
974 2844 1046 2904 baut
1057 2846 1125 2904 ‹tu-a

104 2926 151 2986 bie
171 2934 198 2983 et
217 2934 375 3002 conspectu
392 2944 444 2985 suo
460 2925 550 2985 llexit.
565 2925 630 2986 Nun
646 2928 721 2985 enim
733 2928 813 3005 prius
826 2926 1007 3004 destiterunt,
1021 2947 1103 3006 quam

105 3010 235 3085 ablegari
254 3028 317 3068 eum
340 3010 376 3068 ob
392 3010 542 3069 seditionis
559 3010 720 3088 periculum
734 3019 763 3068 ct
780 3011 808 3068 in
826 3011 988 3088 proximam
1005 3014 1103 3073 civita·

104 3105 162 3156 tem
185 3093 349 3153 demandari
371 3093 651 3160 animadvertissent:
676 3103 744 3152 tunc
768 3093 878 3152 demum
897 3093 932 3152 ad
952 3097 1103 3172 paeniten-

105 3183 171 3240 tiam
186 3179 264 3236 versi
286 3197 427 3255 reprenso
445 3196 479 3236 ac
496 3186 610 3236 retento
627 3178 781 3252 vehiculo,
798 3177 931 3236 invidiam
950 3195 1028 3254 quae
1052 3180 1103 3238 sibi

61 3267 190 3324 luberet
207 3262 354 3339 deprecati
377 3271 449 3320 sunt.
495 3258 651 3320 Comitatus
673 3271 717 3320 cst
734 3271 844 3339 patrem
866 3270 894 3319 et
914 3262 1038 3334 Syriaca
1056 3279 1125 3323 exus

108 3347 261 3424 peditione.
292 3345 375 3405 Unde
398 3364 535 3405 reversus
551 3346 669 3423 primum
684 3347 712 3404 in
727 3346 835 3421 matris,
853 3344 955 3403 deinde
974 3364 1009 3405 ea
1027 3348 1102 3406 rele-

107 3440 173 3505 gata
195 3430 222 3485 in
244 3430 339 3488 Liviae
355 3430 503 3506 Augustae
524 3432 661 3507 proaviae
685 3448 753 3488 suae
778 3428 966 3487 coutubernio
983 3433 1101 3497 mansit:

108 3530 189 3589 quiam
206 3511 367 3572 defunctam
387 3523 582 3591 praetextatus
599 3515 763 3572 etiamtunc
779 3513 947 3590 prorostris
964 3511 1101 3574 laudavit.
