2256 3930
115 238 156 299 22
200 251 229 298 c.
245 247 395 297 sunrom
412 245 539 304 anano.
560 246 607 291 nn
622 245 705 292 vmn
722 244 906 293 cassanum
924 243 995 290 ura.
1011 242 1035 290 1.

116 405 223 478 istaec,
259 421 314 463 oro
344 408 394 470 tc,·
426 400 550 478 quaudo
574 406 678 459 motum
693 408 753 474 est,
784 406 814 458 et
839 398 914 478 quid
932 398 986 459 ille
1012 395 1070 458 tibi
1095 404 1122 458 el

117 487 192 568 quid
218 487 265 546 titt
290 491 352 545 tute
377 483 509 544 dederis.
549 483 661 543 Gallico
692 483 815 560 denique
842 481 986 560 triumpho
1015 481 1121 541 milites

118 574 179 631 eius
195 572 269 628 inter
287 578 385 628 cetera
403 570 544 643 carmina,
568 566 662 644 qualia
679 583 794 626 currum
809 574 1026 644 prosequentes
1041 567 1120 625 iocu-

117 655 218 715 lariter
234 662 353 730 canunt,
377 653 460 712 etiam
474 651 543 711 illud
560 650 787 728 vulgatissimum
803 651 1080 728 pronuntiaverunt:

246 741 348 796 Gallias
361 740 466 796 Caesar
476 740 593 811 subegit,
615 739 777 794 Nicomedes
790 737 952 794 Gaesarem.-

242 825 317 880 Ecce
331 825 435 881 Caesar
449 840 523 878 nunc
538 823 691 893 triumphat
705 825 755 893 qm'
771 822 875 893 subegit
885 821 997 885 Galliae,

243 908 405 964 Nicomedes
418 924 473 962 non
488 906 638 978 triumphat
653 909 701 978 poi
708 905 812 978 subegit
822 905 979 962 Gaesarem.

79 990 242 1054 50Pronum
266 997 295 1047 et
316 996 513 1065 sumptuosum
534 988 562 1044 in
587 985 720 1046 libidines
742 985 833 1044 fuisse
860 993 999 1045 constans
1023 985 1122 1064 opinio

118 1083 176 1150 est,
199 1072 394 1150 plurimasque
412 1079 441 1129 et
465 1070 593 1128 illustres
615 1070 736 1129 feminas
757 1069 942 1147 corrupisse,
964 1069 995 1127 in
1018 1068 1123 1147 quibus

117 1157 291 1217 Postumiam
313 1155 397 1214 Servi
420 1153 558 1231 Sulpicii,
581 1153 702 1214 Lolliam
724 1152 791 1211 Auli
812 1151 931 1228 Gabini,
960 1150 1122 1212 Tertullam

117 1241 208 1300 Marci
224 1237 340 1315 Crassi,
365 1240 450 1298 etiam
473 1235 533 1296 GN.
548 1237 668 1317 Pompei
690 1237 821 1297 Muciam.
851 1235 924 1296 Nam
941 1243 1026 1295 certe
1040 1234 1122 1296 Pom-

117 1325 185 1402 peio
202 1332 232 1382 et
254 1342 270 1382 a
294 1319 468 1382 Curionibus
485 1329 568 1398 patre
590 1330 619 1379 et
638 1322 697 1381 lilio
719 1329 748 1380 et
764 1339 780 1382 a
795 1319 891 1379 multis
914 1318 1123 1398 exprobratum

118 1416 181 1483 est,
209 1405 286 1484 quod
309 1405 389 1464 cuius
415 1423 501 1463 causa
522 1413 589 1482 post
610 1413 670 1464 tres
692 1405 802 1465 liberos
824 1404 977 1481 exegisset
999 1420 1123 1464 uxorem

119 1499 149 1549 et
179 1506 264 1567 quem
294 1505 414 1564 gemens
448 1487 619 1564 Aegisthum
649 1488 801 1568 appellare
828 1496 1022 1564 consuesset,
1062 1488 1123 1547 eius

118 1582 222 1652 postea
244 1572 330 1631 liliam
353 1573 500 1650 potentiae
528 1572 682 1650 cupiditate
702 1575 730 1632 in
752 1571 961 1632 matrimonium
986 1573 1119 1652 recepis-

118 1665 173 1716 set.
201 1655 259 1715 Sed
290 1663 355 1715 ante
380 1656 451 1715 alias
474 1654 575 1714 dilexit
600 1656 690 1716 lilarci
709 1655 789 1716 Bruti
813 1664 933 1715 matrem
955 1655 1122 1732 Serviliam,

119 1742 216 1799 cui‘et
238 1740 329 1817 primo
355 1757 407 1798 suo
433 1739 584 1798 consulatu
604 1741 760 1816 sexagiens
779 1741 915 1799 sestertio
936 1741 1122 1816 margaritam

117 1831 261 1882 mercatus
282 1831 327 1881 est
350 1831 379 1881 et
400 1822 479 1881 bello
505 1823 581 1882 civili
603 1841 692 1901 super
714 1823 784 1883 alias
807 1822 977 1882 donationes
1004 1823 1121 1902 amplis·

118 1909 188 1966 sima
212 1905 330 1984 praedia
360 1924 398 1964 ex
430 1905 609 1966 auctionibus
633 1906 732 1966 bastae
754 1909 869 1966 minimo
901 1905 1027 1976 addixit;
1060 1923 1124 1966 cum

119 1989 246 2068 quidem,
270 1989 418 2067 plerisque
440 1989 578 2048 vilitatem
600 1990 783 2068 mirantibus,
805 1991 983 2050 facetissime
1013 1988 1121 2052 Cicero

120 2071 186 2145 Ouo
220 2072 345 2149 melius,
374 2074 478 2151 inquit,
514 2081 644 2151 emptum
671 2074 799 2150 sciatis,
832 2073 936 2134 Tertia
964 2073 1102 2136 deducta
1108 2098 1123 2145 ;

118 2155 334 2216 existimabatur
357 2157 431 2215 enim
453 2157 576 2216 Servilia
594 2159 679 2218 etiam
704 2159 790 2218 filiam
807 2176 887 2217 suam
902 2157 1032 2218 Tertiam
1050 2157 1122 2220 (lae-

103 2242 177 2303 lsari
201 2240 367 2299 conciliare.
401 2239 446 2299 Ne
468 2241 694 2318 provincialibus
724 2242 839 2320 quidem
861 2243 1052 2302 matrimoniis
1073 2242 1123 2303 ab·

119 2324 265 2399 minuisse,
291 2323 339 2382 vel
355 2323 413 2381 hoc
431 2323 553 2382 disticho
569 2335 691 2403 apparet
714 2327 821 2386 iactato
839 2343 932 2404 aeque
948 2344 965 2386 a
981 2325 1123 2386 militibus

117 2424 171 2484 per
189 2405 328 2466 Gallicum
343 2406 529 2484 triumphum:

186 2493 303 2561 Urbani,
322 2499 429 2548 servate
448 2510 564 2559 uxores,
588 2495 729 2551 moechum
747 2498 850 2552 caluom
871 2496 1044 2554 adducimus.

179 2575 289 2632 Aurum
305 2579 333 2630 im
352 2576 440 2631 Gallia
457 2579 602 2648 effutuisti,
624 2579 668 2634 bic
682 2583 823 2652 sumpsisti
838 2586 970 2637 mutuum.

79 2653 228 2714 tubilexit
258 2665 287 2714 et
316 2658 449 2733 reginas,
485 2659 560 2716 inter
591 2677 661 2737 quas
684 2657 807 2719 Eunoen
832 2661 959 2720 Mauram
990 2659 1122 2738 Bogudis

115 2756 254 2815 uxorem,
276 2740 321 2797 cui
342 2741 500 2818 maritoque
523 2743 584 2800 eius
602 2743 723 2820 plurima
746 2752 776 2803 et
798 2745 936 2804 immensa
952 2743 1069 2822 tribuit,
1093 2755 1123 2804 ut

114 2819 195 2883 Naso
220 2823 351 2900 scripsit,
375 2823 427 2883 sed
448 2825 569 2884 maxime
594 2824 794 2905 Cleopatram,
833 2845 896 2887 cum
920 2846 975 2906 qua
998 2837 1029 2886 et
1051 2847 1121 2889 con-

114 2909 191 2966 vivia
207 2907 235 2965 in
251 2907 369 2985 primam
384 2908 479 2966 lucem
497 2928 587 2988 saepe
605 2911 747 2988 protraxit
774 2920 803 2970 et
819 2911 920 2972 eadem
935 2929 1010 2971 nave
1030 2912 1122 2974 tbala·

114 3005 202 3067 mego
234 3009 327 3068 paene
358 2991 512 3071 Aethiopia
546 3003 629 3052 tenus
659 2993 826 3072 Aegyptum
857 2997 1036 3075 penetravit,
1066 2996 1122 3056 nisi

116 3074 264 3134 exercitus
283 3076 366 3154 sequi
382 3087 567 3154 recusasset,
590 3096 672 3155 quam
690 3078 815 3156 denique
834 3080 954 3140 accitam
972 3081 1001 3138 in
1019 3080 1121 3140 urbem

114 3158 229 3217 nonnisi
245 3161 373 3218 maximis
389 3160 547 3219 bonoribus
563 3164 745 3239 praemisque
761 3172 872 3224 auctam
882 3164 1002 3240 remisit,
1019 3163 1120 3223 lilium·

115 3256 172 3316 que
187 3251 282 3300 natum
299 3244 451 3322 appellare
472 3246 585 3303 nomine
608 3263 659 3304 suo
683 3264 786 3323 passus
805 3256 858 3306 est.
897 3249 989 3322 Quem
1005 3248 1120 3327 quidem

113 3324 242 3382 nonnulli
263 3325 439 3387 Graecorum
455 3329 576 3387 similem
591 3347 706 3407 quoque
724 3328 843 3391 Caesari
866 3341 894 3390 et
916 3332 1009 3391 forma
1033 3341 1062 3391 et
1080 3333 1119 3391 in-

114 3419 203 3464 cessu
224 3409 408 3470 tradiderunt.
453 3413 490 3471 lll.
516 3411 658 3472 Antonius
679 3413 824 3490 adgnitum
847 3417 932 3475 etiam
957 3415 991 3474 ab
1013 3434 1050 3476 co
1075 3435 1120 3477 se-

112 3490 192 3547 natui
213 3489 389 3571 adfirmavit,
414 3514 487 3573 quae
508 3498 585 3555 scire
607 3496 639 3556 0.
663 3497 779 3557 lllatium
800 3509 829 3558 et
852 3498 884 3558 0.
905 3499 1030 3577 Oppium
1051 3501 1120 3560 reli-
