2256 3930
400 256 629 306 nourrmnus.
955 245 1015 303 251

10 410 141 473 delatum
151 429 207 471 nec
221 411 397 488 infitiantem,
415 413 539 471 iactasse
554 431 586 471 se
604 430 679 490 quae
699 411 874 491 providisset
889 430 926 470 ex
944 420 1018 490 arte,

10 497 180 556 sciscitatus
198 504 251 572 est,
266 497 330 574 quis
345 498 438 574 ipsum
449 505 578 555 maneret
591 497 699 564 exitum
717 505 746 555 et
758 496 956 572 affirmantem,
972 496 1017 555 fo·

10 597 47 640 re
61 589 92 640 ut
108 579 190 639 brevi
206 579 384 638 laceraretur
402 598 418 640 a
435 580 567 655 canibus,
580 581 703 640 interfici
715 580 829 658 quidem
843 582 905 638 sine
924 598 1016 659 mora,

10 664 69 725 sed
85 664 121 723 ad
146 663 360 740 coarguendam
379 664 568 723 temeritatem
587 667 657 724 artis
682 664 804 742 sepeliri
836 681 953 743 quoque
969 683 1016 725 ac·

10 749 197 807 curatissime
208 749 369 824 imperavit.
403 747 487 822 Quod
500 765 563 806 cum
576 749 674 826 fieret,
692 749 788 808 evenit
803 757 845 824 ut,
865 750 1016 826 repentina

10 838 189 910 tempestate
207 830 322 891 deiecto
340 831 458 908 funere,
480 835 647 891 semiustum
665 831 790 892 cadaver
815 832 1017 910 discerperent

10 930 121 991 canes,
135 914 221 991 idque
235 917 262 972 ei
275 916 405 975 caenanti
418 917 529 976 amimo
540 916 656 993 Latino,
674 918 721 994 qui
739 918 919 995 praeteriens
938 917 1015 975 forte

10 999 267 1075 animadverterat,
279 1000 354 1058 inter
367 1009 481 1059 ceteras
494 1000 548 1060 diei
561 1000 676 1060 fabulas
688 1001 856 1060 referretur.

10 1132 19 1141 .
79 1081 174 1142 Pridie
189 1100 273 1160 quam
284 1084 401 1160 periret,
416 1101 479 1143 cum
492 1084 606 1144 oblatos
619 1085 736 1144 tuberes
755 1087 866 1144 servari
884 1084 1017 1143 iussisset
1026 1095 1058 1150 16

29 1230 32 1235 ,
59 1168 222 1242 crastinum,
236 1165 354 1226 adiecit:
371 1166 408 1227 Si
426 1168 517 1229 modo
532 1169 579 1228 ati
597 1168 736 1229 licuerit!
754 1179 782 1228 et
802 1186 961 1228 conversus
980 1167 1016 1226 ad

10 1156 165 1341 groximos
177 1249 338 1327 affirmavit,
350 1249 468 1328 foreat
480 1253 618 1330 sequenti
631 1253 681 1314 die
696 1253 770 1313 lunc
784 1271 819 1313 se
833 1253 865 1312 in
881 1251 1015 1331 aquario

10 1338 192 1415 mentcret
203 1333 379 1416 [cetumque
390 1335 518 1414 aliquod
529 1337 684 1413 existeret,
698 1336 735 1395 de
748 1355 807 1416 qno
820 1337 1016 1415 loquerentur

10 1406 152 1495 micea
161 1437 220 1496 per
237 1425 391 1479 terrerum
401 1419 515 1480 orbem.
537 1419 576 1479 At
585 1422 662 1481 circa
670 1421 790 1480 mediam
798 1429 913 1480 noctem
925 1423 963 1480 ita
971 1428 1016 1479 est

10 1500 182 1579 ,Dxterritum
196 1509 226 1561 ut
238 1521 255 1562 e
269 1511 359 1562 strato
372 1504 530 1582 prosiliret.
558 1504 670 1564 Dehinc
681 1522 764 1564 mane
782 1504 964 1584 haruspicem
978 1522 1016 1563 ex

39 1588 169 1647 ermania
183 1586 310 1662 missum,
324 1588 371 1664 qui
384 1587 532 1647 consultus
545 1588 580 1647 de
593 1589 707 1665 fulgure
724 1590 908 1649 mutationem
920 1605 1016 1647 rerum

48 1671 215 1747 sedixerat,
239 1670 326 1730 audiit
344 1672 620 1752 condemnavitque;
637 1691 671 1732 ac
690 1672 754 1732 dum
772 1673 968 1733 exulceratam
986 1673 1016 1730 in

34 1763 110 1816 onte
133 1772 283 1814 verrucam
307 1754 503 1815 vehementius
527 1757 648 1835 scalpit,
676 1757 838 1834 profluente
864 1757 1014 1834 sanguine,

10 1826 141 1901 Utinam
156 1839 246 1918 inquit
265 1838 431 1900 hactenus!
460 1840 540 1900 Tunc
558 1840 646 1900 horas
658 1841 817 1919 requirenti
834 1859 888 1919 pro
908 1841 1014 1918 quinta,

10 1930 101 1999 [uam
117 1921 278 1999 metuebat,
301 1932 385 1983 sexta
405 1942 442 1983 ex
460 1923 599 1984 industria
621 1927 747 1984 nuntiata
768 1932 822 1983 est.
866 1925 917 1983 llis
936 1921 1015 1981 velut

10 2012 161 2068 tansacto
174 2008 229 2066 iam
242 2007 373 2086 periculo
387 2008 504 2084 laetum,
516 2009 756 2086 festinantemque
768 2008 804 2067 ad
817 2009 951 2087 corporis
968 2025 1014 2065 cu·

10 2102 73 2152 {m
85 2090 257 2150 Parthenius
269 2091 404 2151 cubiculo
417 2094 602 2171 praepositus
616 2094 773 2168 convertit,
792 2095 923 2153 nuntians
935 2109 1014 2166 csse,

10 2177 59 2249 tui
71 2192 209 2251 magnum
220 2175 320 2234 nescio
333 2176 401 2254 quid
412 2177 538 2254 afferret,
551 2195 605 2236 neo
618 2176 814 2236 differendum.
831 2176 932 2255 ltaque
941 2193 1014 2235 sum·

10 2260 101 2321 notis
114 2258 255 2335 omnibus,
268 2261 297 2318 in
311 2260 472 2320 cubiculum
484 2279 516 2320 se
529 2262 642 2339 recepit
654 2269 739 2337 atque
752 2259 791 2319 ibi
806 2263 923 2320 occisus
939 2269 992 2319 est.

73 2342 121 2402 De
132 2342 298 2403 insidiarum
310 2344 467 2423 caedisque
478 2363 588 2422 genere
603 2344 676 2403 haec
693 2345 757 2403 fere
775 2343 922 2423 divulgata
940 2352 1013 2402 sunt.
1024 2363 1056 2418 ῃ

10 2412 223 2511 innocentibus
236 2429 425 2508 conspiratis,
445 2429 557 2508 quando
571 2437 599 2487 et
614 2445 671 2506 quo
690 2428 794 2506 modo,
814 2429 901 2488 idest
918 2429 1014 2488 lavan-

10 2516 110 2572 emne
123 2529 159 2571 au
172 2521 356 2590 caenantem,
375 2512 621 2589 adgrederentur,
646 2511 828 2591 Stephanus,
849 2512 1014 2572 Domitillae

10 2598 200 2674 bocurator,
213 2604 242 2655 et
254 2605 321 2656 tuno
334 2599 558 2674 interceptarum
572 2597 757 2674 pecuniarum
769 2616 846 2675 reus,
866 2595 1016 2657 consilium

10 2690 195 2758 'petamque
207 2680 319 2758 optulit.
350 2680 396 2740 Ac
411 2682 589 2740 sinisteriore
602 2680 735 2759 brachio,
749 2681 828 2740 velut
846 2698 952 2758 aegro,
974 2678 1014 2736 la·

10 2760 57 2824 ds
69 2765 229 2842 fasciisque
241 2782 294 2843 per
306 2764 415 2843 aliquot
431 2762 494 2824 dies
511 2764 546 2824 ad
562 2764 747 2825 avertendam
759 2767 953 2843 suspicionem
964 2759 1014 2821 ob·

10 2847 128 2924 P(eluto,
140 2847 177 2907 ad
189 2849 281 2926 ipsam
292 2848 393 2908 horam
405 2847 541 2908 dolonem
553 2850 710 2917 interiecit;
725 2849 933 2928 professusque
946 2861 1014 2904 con·

10 2933 182 3010 mirationis
194 2931 327 2991 indicium
340 2941 368 2992 et
380 2932 417 2991 ob
430 2932 486 2992 hcc
499 2932 656 3010 admissus,
675 2933 785 3009 legenti
803 2931 936 2991 traditum
954 2947 970 2986 a
982 2945 1015 2985 se

10 3008 144 3076 ibellum
156 3025 186 3077 et
198 3017 318 3076 attonito
330 3016 445 3076 suffodit
455 3018 582 3093 inguina.
615 3017 747 3075 Saucium
760 3033 794 3075 ac
806 3021 1016 3093 repugnantem

10 3098 107 3160 iderti
119 3098 276 3162 Clodianus
290 3099 512 3176 cornicularius,
530 3109 559 3158 et
575 3099 715 3159 Maximus
733 3099 867 3158 Partheni
884 3096 1014 3170 libertus,

10 3188 43 3244 tt
60 3183 192 3244 Saturius
211 3183 329 3243 decurio
354 3183 607 3259 cubiculariorum,
626 3182 786 3260 etquidem
805 3201 821 3241 e
840 3179 1015 3258 gladiatorio

10 3267 83 3333 ndo
97 3267 265 3328 vulneribus
284 3276 397 3347 septem
410 3267 652 3327 contrucidarunt.
677 3266 761 3343 Puer,
775 3267 823 3344 qui
834 3282 902 3325 arae
915 3263 1016 3323 Larum

10 3351 139 3412 tubiculi
155 3371 192 3412 ex
204 3351 413 3412 consuetudine
425 3352 565 3410 assistens
577 3350 704 3409 interfuit
717 3350 810 3426 caedi,
823 3349 880 3408 hoc
893 3348 1016 3427 amplius

10 3435 163 3515 [arrabat,
184 3437 291 3496 iussum
307 3454 339 3496 se
351 3455 368 3497 a
380 3435 542 3496 Domitiano
556 3433 592 3494 ad
607 3434 727 3512 primum
743 3436 837 3494 statim
849 3433 952 3492 vulnus
965 3451 1016 3511 pu·

10 3512 130 3591 fiunem
144 3520 263 3600 pulvino
282 3520 424 3580 subditum
440 3520 594 3596 porrigere
614 3536 649 3577 ac
667 3519 812 3578 ministros
824 3535 950 3593 vocare,
968 3535 1016 3576 ne·
