2286 3944
360 241 464 289 DlVUS
482 241 669 290 AUGUSTUS.
971 235 1011 296 57

10 415 52 456 er
71 394 210 454 exhibuit.
244 393 317 453 Nam
333 403 362 453 et
377 396 492 455 invecta
507 395 569 454 urbi
585 396 783 457 Alexandrino
805 398 947 477 triumpho
966 418 1010 459 re·

10 481 56 557 qia
72 496 146 555 gana
162 486 268 537 tantam
281 479 394 555 copiam
409 479 583 538 nummariae
595 481 638 538 rei
655 481 762 558 effecit,
779 489 809 540 ut
823 481 946 540 foenore
963 481 1010 542 de·

10 564 117 622 ninuto
131 560 282 639 plurimum
297 577 433 637 agrorum
448 562 550 639 pretiis
566 567 741 641 accesserit,
765 572 794 623 et
814 574 916 642 postea
940 583 1010 644 quo·

10 647 85 706 tiens
101 663 139 704 ex
152 642 351 703 damnatorum
367 643 451 703 bouis
469 645 593 722 pecunia
613 648 821 724 superflueret,
846 667 925 707 usum
949 648 1011 708 eius

10 731 166 807 gratuitum
181 728 216 786 iis
233 729 281 806 qui
297 745 403 786 cavere
425 729 454 785 in
477 727 593 805 duplum
615 740 736 808 possent
757 730 793 789 ad
811 740 919 790 certum
940 741 1009 792 tem-

10 831 65 892 pus
83 811 208 871 indulsit.
242 811 413 870 Senatorum
436 829 553 870 censum
573 813 721 891 ampliavit
742 832 778 873 aa
794 832 847 891 pro
862 816 1009 892 octingen-

10 907 105 957 :orum
119 895 227 954 milium
249 912 357 953 summa
378 894 536 954 duodecies
551 897 687 955 sestertio
703 898 828 972 taxavit,
852 898 1009 976 supplevit·

10 998 67 1058 quc
82 996 140 1037 non
155 976 337 1038 habentibus.
372 977 527 1055 Congiaria
544 980 653 1058 populo
670 981 839 1059 frequenter
855 979 941 1057 dedit,
958 980 1011 1041 sed

10 1064 146 1123 diversae
161 1062 224 1121 iere
241 1079 383 1122 summae:
399 1062 485 1121 modo
503 1061 731 1141 quadringenos,
754 1064 841 1123 modo
862 1075 1009 1141 trecenos,

10 1163 220 1223 nonnumquam
241 1145 370 1205 ducenos
391 1147 668 1225 quinquagenosque
689 1165 833 1216 nummos;
855 1166 890 1208 ac
910 1166 947 1207 ne
961 1148 1011 1206 mi-

10 1248 100 1291 nores
117 1228 230 1308 quidem
243 1245 351 1307 pueros
363 1229 521 1307 praeteriit,
540 1231 670 1307 quamvis
682 1232 795 1290 nonnisi
809 1230 844 1290 ab
860 1231 1010 1291 undecimo

10 1314 114 1374 aetatis
136 1329 210 1371 anno
234 1314 371 1390 accipere
395 1323 595 1373 consuessent.
634 1313 816 1374 Frumentum
841 1333 956 1394 quoque
981 1316 1009 1373 in

10 1414 142 1457 annonae
159 1395 374 1456 difficultatibus
389 1414 479 1474 saepe
492 1396 649 1475 levissimo,
665 1398 804 1458 interdum
819 1399 898 1458 nullo
916 1399 1009 1476 pretio

10 1481 116 1541 uiritim
129 1479 283 1539 admensus
300 1488 345 1538 est
360 1489 546 1557 tesserasque
562 1483 732 1541 nummarias
750 1481 917 1560 duplicavit.
951 1481 1052 1546 Setae

10 1574 39 1624 ut
55 1562 203 1623 salubrem
220 1564 313 1639 magis
330 1580 414 1640 quarn
432 1562 611 1624 ambitiosum
629 1566 790 1643 principem
808 1567 914 1643 scires,
940 1585 1009 1644 que·

10 1657 122 1709 rentem
138 1647 174 1705 de
188 1647 285 1723 inopia
301 1654 330 1704 et
347 1648 466 1705 caritate
480 1648 538 1705 vini
560 1649 698 1726 populum
721 1651 903 1710 severissima
926 1666 1008 1710 coer-

10 1733 69 1792 cuit
84 1748 176 1806 voce,
192 1730 272 1791 satis
285 1730 445 1806 provisam
461 1747 482 1790 a
494 1749 608 1809 panaro
623 1750 679 1792 sao
696 1730 838 1811 Agrippa
851 1735 1010 1811 perductis

10 1812 153 1894 alaribus
176 1814 282 1891 aquis,
309 1831 348 1872 ne
370 1813 507 1873 domines
529 1815 658 1876 sitirent.
693 1815 794 1876 Eidem
817 1818 926 1895 populo
942 1835 1009 1896 pro·

10 1901 128 1958 missum
143 1897 257 1975 quidem
275 1897 453 1973 congiarium
468 1901 653 1976 reposcenti,
678 1898 778 1959 donae
800 1918 834 1959 se
854 1901 928 1976 fidei
944 1918 1011 1960 esse

10 1981 178 2059 respondit;
206 1997 264 2038 non
290 1981 462 2057 promissum
483 1990 577 2040 autem
597 1981 737 2059 flagitanti
760 1983 961 2060 turpitudinem
982 1992 1010 2040 et

10 2064 213 2144 impudentiam
229 2063 323 2122 edicto
339 2064 528 2141 exprobravit
547 2065 771 2142 affirmauitque,
791 2083 852 2125 nan
867 2065 1010 2124 damnum

10 2168 43 2210 se
68 2147 209 2228 qnamois
230 2147 309 2206 dare
331 2146 508 2207 destinaret.
553 2147 616 2206 Nec
636 2148 746 2206 minore
767 2151 908 2223 gravitate
924 2156 1009 2224 atquc

10 2232 189 2308 constantia,
215 2249 278 2290 curn
293 2232 445 2309 proposito
464 2231 613 2307 congiario
635 2230 740 2290 multos
760 2231 949 2290 manumissos
969 2232 1009 2288 in-

10 2324 166 2392 sertosque
189 2316 292 2373 civium
316 2331 435 2373 numero
464 2315 669 2391 comperisset,
696 2315 813 2391 negavit
837 2323 1011 2392 accepturos

10 2398 116 2478 quibus
132 2399 303 2475 promissum
317 2415 376 2456 non
393 2405 489 2474 esset,
514 2398 678 2474 ceterisque
700 2399 791 2456 minus
806 2415 889 2474 quam
905 2398 1010 2475 promi-

10 2491 91 2542 serat
107 2480 195 2557 dedit,
211 2490 240 2540 ut
256 2480 397 2540 destinata
413 2497 519 2540 summa
537 2479 694 2540 sufficeret.
717 2481 821 2556 Magna
834 2498 905 2540 vero
921 2499 1009 2559 quon·

10 2567 75 2626 dam
91 2564 243 2624 sterilitate
258 2583 294 2624 ac
309 2563 419 2623 difficili
434 2563 580 2639 remedio,
598 2583 660 2623 curn
676 2565 834 2624 venalicias
852 2574 880 2623 et
895 2565 1009 2624 lanista·

10 2668 72 2709 rum
88 2647 210 2706 familias
226 2647 457 2726 peregrinosque
473 2665 583 2722 omnes,
600 2649 732 2725 exeeptis
748 2647 867 2706 medicis
882 2657 910 2706 et
926 2666 1009 2724 prae·

10 2731 369 2810 ceptoribus,'partimque
385 2731 565 2789 servitiorum
581 2730 651 2789 urbe
664 2731 837 2809 expulisset;
853 2740 882 2790 ut
897 2730 1011 2788 tandem

10 2832 125 2875 annona
144 2814 296 2891 convaluit,
311 2813 453 2891 impetam
469 2831 503 2873 se
514 2813 633 2890 cepisse
644 2813 743 2872 scribit
756 2812 1012 2891 frumentationes

10 2897 156 2977 publicas
169 2897 202 2957 in
216 2903 397 2976 perpetuam
414 2896 574 2971 abolendi,
593 2897 677 2976 qaod
690 2915 797 2957 earnm
810 2896 928 2974 fidncia
946 2893 1008 2954 cal·

10 2989 84 3043 tara
106 2999 253 3060 aprorum
277 2987 429 3041 cessaret.-
451 2999 547 3059 neqne
569 2987 669 3040 tamen
679 2997 916 3058 perseuerasse,
938 2977 1012 3056 qaia

10 3072 127 3126 certam
142 3063 272 3124 baberet
283 3072 356 3143 past
370 3082 405 3124 se
421 3082 481 3142 per
501 3061 695 3124 ambitionem
719 3064 902 3142 quandoque
921 3059 1009 3119 rasti·

10 3149 64 3209 tai.
110 3147 207 3227 Atque
235 3150 274 3208 ita
300 3148 422 3226 posthae
447 3167 508 3207 rem
527 3147 714 3225 temperavit,
741 3155 849 3206 utnon
874 3145 1012 3203 minorem

10 3241 156 3292 aratorum
174 3250 209 3292 ac
225 3233 430 3308 negotiantium
446 3248 529 3309 quam
545 3231 644 3308 populi
662 3229 803 3289 rationem
817 3228 983 3288 deduceret.

75 3315 315 3394 Spectaculorum
331 3324 360 3374 et
377 3315 543 3373 assiduitate
558 3321 587 3371 et
601 3314 741 3372 varietate
759 3322 787 3372 et
800 3311 1053 3390 magnificentiam

10 3417 113 3459 omnes
129 3400 295 3458 antecessit.
333 3397 458 3458 Fecisse
472 3415 507 3456 se
521 3395 612 3456 ladas
630 3397 668 3455 ait
681 3414 738 3456 sao
753 3397 873 3457 nomine
891 3401 1009 3475 qnater,

10 3501 69 3564 pro
90 3482 163 3542 aliis
177 3481 414 3562 magistratibus
422 3479 441 3558 ,⁹
447 3480 500 3560 qni
514 3485 569 3540 aot
583 3478 727 3540 adessent
741 3487 796 3541 ant
810 3499 871 3542 non
888 3478 1009 3556 saffica-
