2256 3930
128 112 186 178 tto
214 126 243 177 o.
261 126 412 178 auduom
428 126 557 190 nasac.
570 128 619 177 nu
635 128 719 179 urus
735 84 1008 187 unumunurn
1020 128 1093 179 nur.

123 282 333 353 educabantur;
359 300 429 345 mox
447 282 536 345 lucio
560 280 663 347 Gasalo
689 283 836 366 lsouqlno.
955 286 1000 347 mi
1029 282 1127 347 conlo·

123 375 216 429 catam
233 366 352 428 abduxit
370 375 400 428 et
422 367 450 427 iu
469 365 585 429 modom
608 368 702 430 iustae
722 384 783 431 uno:
843 384 903 440 prop
955 384 994 431 ιιι
1012 366 1126 440 habritr

121 449 259 513 heredem
275 469 390 533 qnoque
405 451 547 512 bonorum
562 459 648 533 atque
661 452 777 533 imperil
798 468 889 531 aeger
907 452 1044 515 lustitmt·
1073 452 1126 515 lla·

121 535 187 597 dem
201 534 351 615 defuncta,
379 536 515 597 iustitium
535 535 652 615 indixit,
682 537 789 618 inquo
810 534 1049 599 simulavisse
1064 554 1125 599 oao-

121 637 206 682 nasse
222 638 285 682 cum
300 619 469 702 parentibus
490 628 540 681 aut
555 621 681 700 coniuge
698 619 837 683 liborlm
856 619 966 701 capital
979 620 1049 685 init.
1082 620 1126 683 Aa

119 705 260 766 maeroris
276 705 444 787 impatiens,
474 721 538 766 cum
556 712 680 784 repente
695 713 783 766 noctu
800 703 984 784 prolugloset
999 702 1042 767 alt
1056 704 1125 767 urla

119 791 433 870 transcucurrissetque
451 785 652 869 campaniam,
672 787 835 866 Syracusas
852 789 940 869 petit,
964 806 1124 871 musasque

119 872 185 935 inde
211 891 339 955 propere
362 873 462 952 rediit,
490 871 581 936 barba
604 871 771 963 capilloque
796 872 959 954 promisso:
985 890 1049 935 nec
1069 890 1124 935 ιι

119 977 203 1041 quam
220 968 323 1039 postea
337 959 574 1040 quantiscumque
589 956 747 1036 derebus,
778 974 816 1019 ne
831 975 887 1038 pro
902 956 1047 1019 contione
1068 956 1125 1039 qul·

119 1043 184 1105 dem
199 1042 299 1123 populi
313 1051 361 1104 aut
377 1042 453 1123 apud
466 1042 589 1120 milites,
614 1041 669 1102 uisi
686 1058 742 1122 per
755 1058 861 1103 numen
876 1038 1030 1105 Drusillae
1049 1040 1125 1105 deie-

119 1127 202 1189 rarlt.
244 1127 385 1208 Reliquas
406 1143 524 1188 sorores
541 1143 597 1188 nec
612 1124 769 1207 cupiditate
786 1133 866 1188 tanta
881 1143 939 1187 noc
953 1122 1127 1207 dignatione

118 1211 236 1290 dilexit,
268 1219 299 1272 ut
318 1228 389 1292 quas
410 1228 500 1291 saepe
516 1209 642 1271 exoletis
664 1210 724 1272 suls
737 1210 946 1291 prostraverit:
972 1208 1126 1293 qaolaoi·

117 1295 172 1358 lius
191 1313 241 1356 eus
258 1296 287 1355 in
304 1313 392 1356 causa
407 1293 513 1356 Aemili
531 1293 633 1375 lepidi
654 1292 859 1357 condemnarit
870 1292 954 1376 quael
976 1292 1125 1357 adulterae

117 1388 148 1441 et
161 1377 326 1440 insidiarum
337 1377 476 1440 adversus
487 1395 521 1440 se
536 1379 670 1441 conscias
681 1380 720 1440 ei.
736 1376 802 1440 lieu
813 1378 909 1441 solum
922 1376 1125 1458 olrlromlrt

117 1464 255 1539 omnium,
297 1463 435 1545 requisita
461 1461 563 1524 iraude
587 1481 622 1524 ac
650 1471 769 1544 stupro,
800 1460 980 1543 divulgavit,
1015 1460 1072 1525 red
1096 1468 1124 1523 et

116 1557 177 1610 tres
191 1546 306 1626 gladios
319 1548 347 1608 in
362 1565 464 1609 necem
479 1565 558 1609 suam
574 1556 766 1627 praeparatos
779 1546 864 1610 llarti
878 1544 996 1627 liltorl,
1024 1544 1121 1609 addito

116 1632 231 1710 elogio,
260 1633 453 1693 consecrarit.

79 1724 107 1778 ti
176 1715 354 1777 Matrimonia
378 1715 557 1778 contraxerit
573 1716 687 1795 turpius
711 1733 748 1778 un
764 1714 904 1777 dimiserit
921 1732 960 1777 an
982 1714 1121 1793 tenuerit,

114 1816 172 1860 non
187 1808 233 1861 est
246 1799 334 1861 lacile
354 1797 533 1861 discernere.
575 1798 684 1861 Liviam
707 1797 874 1861 Orestillam
888 1796 924 1860 0.
944 1798 1050 1861 Pisoni
1072 1816 1120 1861 nu·

114 1883 244 1962 lentem,
276 1901 341 1945 cum
365 1883 401 1946 ad
426 1883 553 1945 ciliciam
581 1891 612 1944 et
638 1883 703 1964 ipse
727 1884 873 1962 renmset,
903 1880 941 1947 ud
956 1900 1000 1949 ,oo
1020 1882 1124 1947 deduci

113 1969 281 2048 Mperarit,
312 1971 444 2048 intraque
473 1983 583 2048 paucos
613 1965 676 2028 dies
697 1966 885 2048 'repudiatam
912 1966 1037 2031 biennio
1058 1972 1124 2049 port

113 2052 273 2130 relegavit,
308 2052 386 2132 quod
400 2053 547 2131 repetisse
569 2069 650 2112 usum
670 2051 777 2132 prioris
793 2052 888 2113 multi
905 2052 1047 2133 tompore
1067 2068 1122 2113 nto·

117 2136 163 2197 dio
180 2135 339 2197 videbatur.
373 2135 434 2198 Alii
448 2135 572 2214 tradunt,
596 2134 711 2196 adhibita
731 2152 752 2196 n
768 2130 879 2197 caenae
891 2134 1027 2215 nuptiali,
1048 2152 1122 2197 rnan·

83 2214 92 2229 ⁸
116 2221 201 2282 dasse
216 2219 251 2281 ad
264 2220 397 2282 Pisonem
413 2228 514 2282 contra
531 2218 659 2280 accumbo
731 2238 765 2280 n:
787 2216 1012 2283 monacos-ess
1024 2234 1123 2283 m

79 2374 85 2385 Ι
113 2305 272 2450 prenge!
298 2305 450 2450 statimqqqe
468 2323 486 2365 e
501 2303 809 2450 ιριιίιζιὶὶιιιιιιίῗιο
822 2304 1123 2451 seonm'alqpffi

136 2405 196 2447 ree
218 2405 306 2447 rxrsse
350 2406 402 2449 mo
444 2405 618 2450 monrumsr
664 2405 711 2449 rar
731 2404 822 2449 mom

116 2478 147 2535 ct
160 2467 300 2552 Ampusta’.
313 2432 321 2465 ³
333 2470 453 2534 Lolliam
469 2471 631 2551 Paulinam,
661 2459 699 2534 (l,
731 2404 1019 2534 lemurlomlarl
1040 2489 1121 2535 exer

117 2558 190 2618 citus
205 2556 319 2633 regenti
339 2565 469 2636 nuptam,
497 2557 574 2618 lacta
588 2559 734 2618 mentione
752 2557 835 2619 aviae
850 2556 912 2617 eine
927 2562 961 2617 ut
979 2554 1121 2638 quondan

114 2640 344 2722 pulcherrimae,
374 2640 469 2702 subito
493 2659 531 2703 ox
548 2640 704 2721 'provincia
726 2641 864 2701 evocarit
889 2656 926 2701 ac
952 2638 1120 2721 perductas

114 2745 131 2788 a
151 2727 253 2786 marito
279 2727 426 2786 coniunxit
450 2723 520 2804 sibi,
552 2724 695 2807 brevique
714 2726 831 2787 missam
849 2722 939 2803 lecit,
965 2724 1119 2799 interdimt

115 2812 280 2890 cuiusquam
295 2811 323 2869 in
339 2819 511 2891 perpetuum
534 2809 621 2871 coitu.
667 2808 839 2871 Caesoniam
858 2824 956 2888 nequa
980 2806 1065 2873 iaole
1086 2808 1119 2869 ln·

114 2894 191 2972 sigui
208 2912 303 2972 nequa
320 2903 415 2956 aetate
428 2896 542 2974 integra
564 2901 741 2974 matremque
756 2895 812 2955 iam
831 2910 869 2953 ex
882 2890 942 2953 allo
957 2893 1029 2957 viro
1044 2894 1120 2957 trit!

113 2979 251 3053 illiorum,
282 2979 334 3040 sed
347 2978 477 3041 luxuriae
498 2997 533 3040 ac
548 2978 685 3040 lasciviae
708 2977 854 3057 perditae,
875 2982 906 3036 et
927 2975 1119 3040 ardentiusot

114 3064 291 3124 constantius
313 3067 430 3142 amavit,
452 3072 482 3124 ut
503 3081 594 3142 saepe
617 3061 739 3124 clamide
756 3060 894 3142 peltaque
915 3068 947 3121 et
967 3061 1061 3140 galea
1079 3078 1118 3123 or·

113 3157 214 3208 natam
239 3166 274 3208 ac
303 3149 380 3210 iuxta
409 3148 621 3228 adequitantem
648 3145 782 3208 militibus
811 3144 991 3223 ostenderit,
1025 3146 1118 3208 amitit

114 3248 185 3290 vero
217 3233 301 3291 etiam
332 3233 448 3303 nudam3
479 3233 581 3292 uxorio
610 3233 724 3291 nomine
749 3230 766 3266 *
796 3229 928 3307 dignatus
960 3238 1010 3290 est
1043 3243 1118 3311 quam

115 3314 243 3391 enixam,
273 3334 329 3376 uno
352 3326 437 3396 atque
454 3315 557 3376 eodem
573 3315 619 3375 die
643 3317 792 3394 professus
810 3324 840 3374 et
854 3314 987 3374 maritum
1010 3333 1047 3375 se
1064 3312 1117 3375 eins

115 3404 145 3454 et
170 3407 281 3476 patrem
314 3401 429 3461 infantis
458 3418 495 3460 ax
521 3417 556 3460 ea
580 3408 672 3460 natae.
716 3398 856 3460 lulautem
879 3405 996 3476 autem,
1024 3399 1117 3462 iulias
