2286 3944
402 259 507 308 nnvns
525 259 715 308 incussus.
1015 248 1056 310 79

50 417 134 496 Apin
149 414 323 494 supersedit,
340 414 392 473 sed
409 422 438 472 et
454 413 552 474 Gaium
566 423 712 492 nepotem,
729 415 806 492 quod
821 414 955 475 Iudaeam
971 433 1055 492 prae·

50 499 213 560 tervehens
232 497 307 576 apud
322 497 527 571 Hierosolyma
549 514 606 556 non
627 499 836 577 supplicasset,
863 498 1055 559 conlaudavit.

117 583 155 643 Et
167 585 300 660 quoniam
313 581 347 640 ad
360 581 433 640 haec
445 590 559 639 ventum
567 590 621 656 est,
633 599 691 640 non
701 581 736 641 ab
750 601 783 641 re
794 584 880 642 fuerit
890 582 1056 657 subtexere,
1064 601 1100 657 94

53 685 132 745 quue
148 668 176 724 ei
195 667 276 745 prius
292 683 375 742 quam
388 673 558 724 nasceretur
574 674 603 722 et
620 666 685 743 ipso
700 667 787 724 natali
803 667 849 726 die
865 685 898 726 ac
916 667 1056 744 deinceps

33 751 226 826 serenerint,
244 748 347 827 quibus
363 749 456 807 lutura
471 748 636 824 magnitudo
653 749 715 807 eius
732 758 760 807 et
775 759 916 828 perpetua
931 749 1056 808 felicitas

52 834 171 914 sperari
186 833 431 909 animadvertique
448 841 558 910 posset.

117 917 238 978 Velitris
259 917 413 994 antiquitus
433 924 510 975 tacta
525 915 561 974 de
578 915 660 974 caelo
677 926 760 994 parte
775 916 863 992 muri,
883 933 1057 994 responsum

52 1010 101 1063 est
123 1002 186 1060 eius
202 1001 301 1080 oppidi
319 1000 412 1059 civem
429 998 601 1077 quandoque
616 1017 712 1058 rerum
727 1001 896 1078 potiturum;
916 1017 970 1078 qua
989 999 1057 1058 lidu-

53 1086 101 1146 eia
116 1085 260 1146 Veliterni
281 1093 310 1143 et
333 1092 401 1142 tuno
420 1085 511 1142 statim
532 1093 560 1142 et
581 1092 684 1161 postea
702 1085 818 1161 saepius
832 1101 926 1162 paene
942 1083 977 1143 ad
998 1083 1057 1142 exi·

10 1179 43 1227 to
52 1171 125 1230 tium
147 1168 191 1228 sui
212 1186 275 1227 curn
295 1167 406 1246 populo
421 1167 458 1225 R.
475 1166 736 1243 belligeraverant;
759 1185 826 1226 sero
840 1167 953 1226 tandem
970 1167 1057 1226 docu-

52 1253 158 1312 mentis
181 1253 329 1331 apparuit,
357 1259 499 1309 ostentum
519 1250 590 1310 illud
611 1249 733 1327 Augusti
756 1253 914 1330 potentiam
940 1260 1057 1325 porten-

52 1336 142 1397 disse.
841 1366 843 1369 ·

115 1420 228 1478 Auctor
243 1427 288 1477 est
304 1417 392 1476 lulius
407 1417 562 1494 Marathus,
578 1427 643 1476 ante
659 1436 769 1496 paucos
786 1436 869 1496 quam
887 1425 1057 1477 nasceretur

51 1521 171 1564 menses
188 1501 350 1580 prodigium
364 1502 474 1562 Rornae
489 1501 594 1560 facturn
611 1501 739 1578 publice,
755 1519 812 1580 quo
829 1501 1056 1577 denuntiabatur,

10 1605 158 1664 [tregam
171 1585 202 1646 P.
215 1586 251 1645 lt.
264 1596 392 1646 naturam
404 1585 562 1662 parturire;
576 1595 705 1645 senatum
718 1587 885 1645 exterritum
898 1587 1057 1661 censuisse,

52 1690 93 1731 ne
112 1671 177 1749 quis
192 1669 243 1728 illo
261 1687 335 1729 anno
354 1670 469 1745 genitus
484 1668 672 1738 educaretur;
700 1688 753 1729 eos
771 1671 817 1748 qui
835 1670 972 1747 gravidas
986 1685 1057 1727 uxo·

52 1773 104 1815 res
119 1752 276 1829 haberent,
296 1752 374 1830 quod
390 1752 425 1811 ad
443 1770 475 1810 se
492 1754 615 1830 quisque
631 1772 712 1831 spem
729 1754 868 1830 traheret,
886 1771 1004 1812 curasse
1021 1769 1058 1810 ne

53 1837 348 1897 senatusconsultum
363 1836 398 1895 ad
415 1837 555 1895 aerarium
571 1836 743 1896 deferretur.

119 1921 152 1980 ln
184 1920 369 1999 Asclepiadis
397 1919 539 1980 Mendetis
570 1920 832 1997 Theologumenon
861 1920 944 1978 libris
976 1918 1057 1995 lego,

10 2005 168 2081 soAtiam,
191 2022 254 2064 oum
275 2004 311 2063 ad
332 2004 472 2064 sollemne
488 2004 634 2082 Apollinis
650 2022 763 2063 sacrum
783 2004 876 2062 media
899 2011 985 2061 nocte
1008 2018 1057 2060 ve-

51 2091 173 2165 nisset,
184 2089 279 2166 posita
296 2089 325 2147 in
346 2088 455 2167 templo
471 2087 592 2162 lectica,
612 2088 678 2146 dum
695 2096 812 2146 ceterae
826 2095 975 2146 matronae
991 2084 1057 2144 dor·

51 2175 171 2250 minent,
200 2171 399 2240 obdormisse3
432 2171 589 2231 draconem
609 2180 731 2248 repente
757 2171 916 2249 irrepsisse
938 2168 973 2228 ad
996 2185 1059 2228 eam

52 2255 202 2336 pauloque
226 2265 293 2334 post
317 2273 483 2333 egressum;
506 2255 584 2314 illam
600 2253 839 2334 expergefactam
856 2254 938 2331 quasi
955 2271 971 2312 a
990 2269 1057 2311 oon·

53 2339 152 2402 cubitu
167 2341 261 2399 mariti
275 2341 445 2418 purificasse
460 2357 507 2408 se;
525 2347 554 2398 et
565 2339 658 2398 statim
668 2339 697 2397 in
712 2355 838 2416 corpore
853 2339 914 2396 eius
927 2336 1058 2396 extitisse

10 2423 197 2487 &maculam
219 2424 299 2483 velut
322 2424 393 2502 picti
414 2422 568 2499 draconis,
590 2441 647 2482 nec
669 2423 800 2501 potuisse
817 2439 949 2499 umquam
967 2420 1057 2497 exigi,

23 2536 29 2543 ·
50 2507 130 2568 adeo
145 2515 176 2566 ut
186 2525 255 2568 mox
265 2507 391 2586 publicis
403 2507 525 2566 balineis
538 2516 681 2585 perpetuo
696 2505 879 2575 abstinuerit;
896 2505 1058 2582 Augustum

51 2600 149 2650 natum
166 2608 266 2651 mense
282 2590 395 2650 decimo
417 2600 446 2649 et
461 2590 499 2650 ob
515 2591 572 2650 hoo
588 2591 734 2669 Apollinis
752 2591 840 2650 hlium
856 2591 1056 2649 existimatum.

50 2674 164 2735 Eadem
180 2673 246 2734 Atia
261 2677 341 2754 prius
358 2692 441 2753 mani
456 2683 574 2753 pareret
589 2676 755 2751 somniauit,
770 2675 904 2734 intestina
920 2691 971 2731 sua
986 2672 1058 2731 ierri

51 2758 90 2818 ad
106 2757 201 2818 sidera
217 2759 416 2838 explicarique
433 2777 487 2836 per
503 2777 615 2818 omnem
630 2768 772 2818 terrarum
787 2767 815 2817 et
828 2757 903 2817 caeli
913 2754 1056 2815 ambitum.

10 2843 214 2903 mSomutavit
237 2852 265 2902 et
290 2852 373 2922 pater
395 2842 545 2920 Octavius,
568 2852 651 2903 utero
668 2841 754 2902 Atiae
775 2840 858 2901 iubar
880 2840 950 2900 solis
973 2854 1057 2897 exor-

51 2936 121 2985 tum.

10 3040 16 3057 ι
118 3009 183 3084 Quo
199 3018 282 3069 natus
298 3019 343 3069 est
359 3010 420 3086 die,
438 3028 500 3069 oum
518 3009 554 3069 de
572 3009 711 3070 Catilinae
730 3007 928 3067 coniuratione
954 3021 1056 3080 agere·

51 3094 142 3153 turin
158 3094 237 3154 ouria
254 3102 283 3153 et
295 3092 432 3155 Octavius
445 3093 483 3153 ob
498 3095 597 3154 uxoris
613 3094 799 3172 puerperium
815 3091 907 3149 serius
919 3087 1057 3163 siluisset,

52 3187 122 3238 nota
139 3195 174 3237 ao
190 3177 309 3255 vulgata
325 3196 374 3238 res
393 3187 437 3237 est
454 3177 486 3238 P.
498 3177 659 3254 Nigidium,
678 3183 827 3254 comperta
842 3190 942 3232 morae
959 3187 1056 3246 eausa,

10 3272 43 3327 tt
53 3271 83 3321 ut
97 3261 199 3321 horam
215 3279 332 3340 quoque
348 3271 447 3340 partus
462 3263 620 3340 acceperit,
637 3260 799 3320 affirmasse
811 3257 953 3316 dominum
966 3263 1056 3313 terra-

52 3364 116 3405 rum
133 3345 198 3406 orbi
214 3355 319 3406 natum.
349 3345 470 3406 Octavio
489 3354 609 3423 postea,
633 3362 696 3403 cum
715 3361 768 3421 per
784 3349 898 3400 secreta
915 3337 1056 3401 Thraciae

53 3431 214 3490 exercitum
233 3429 370 3507 duceret,
393 3431 421 3488 in
438 3429 533 3489 Liberi
552 3429 641 3506 patris
656 3427 724 3487 luco
743 3425 866 3486 barbara
883 3422 1048 3485 caerimonia

53 3512 89 3574 de
107 3514 169 3574 lilio
188 3512 368 3591 consulenti,
386 3513 461 3573 idem
477 3513 644 3573 affirmatum
661 3520 706 3571 est
720 3529 736 3572 a
752 3508 961 3584 sacerdotibus,
978 3521 1048 3560 noni
