2286 3944
10 62 38 325 'b
405 228 509 277 omns
527 229 719 281 accusans.
1020 220 1060 281 43

54 387 157 449 sortiri
175 384 223 445 vel
240 386 349 445 micare
364 385 495 461 iussisse,
513 391 542 442 ut
557 385 687 446 alterutri
703 387 926 464 concederetur,
944 405 978 446 ac
994 405 1061 466 spe·

55 481 155 532 ctasse
176 478 325 548 utrumque
344 469 530 545 morientem,
553 487 616 528 cum
641 478 741 548 patre,
764 473 830 551 quia
850 490 883 531 se
903 471 1060 549 optulerat,

55 556 158 617 occiso
177 552 251 613 lilius
270 570 384 632 quoque
404 553 592 612 voluntariam
613 554 799 615 occubuisset
820 573 932 616 necem.
964 556 1060 630 Quare

56 641 169 715 ceteri,
184 639 212 696 in
226 638 270 696 his
285 636 323 697 ll.
336 636 481 696 Favonius
496 637 545 696 ille
562 636 681 696 Catonis
694 639 838 718 aemulus,
856 658 919 699 cum
935 639 1061 699 catenati

33 721 306 803 oproducerentur,
322 723 499 799 imperatore
512 721 639 782 Antonio
656 723 817 783 honorilice
833 723 971 800 salutato,
986 723 1061 783 hunc

54 806 225 869 foedissimo
242 806 369 864 convitio
385 822 482 864 coram
497 805 710 883 prosciderunt.

10 915 22 944 ι
120 889 237 950 Partitis
259 897 327 968 post
349 890 500 949 victoriam
522 890 643 966 ciliciis,
670 909 734 950 cum
754 890 898 950 Antonius
914 891 1062 950 Orientem

56 972 264 1050 ordinandum,
281 974 347 1051 ipse
360 981 518 1034 veteranos
532 975 561 1033 in
575 974 686 1034 ltaliam
699 974 884 1035 reducendos
901 984 930 1035 et
945 976 1063 1034 munici-

55 1058 174 1140 palibus
203 1058 282 1134 agris
310 1056 507 1118 conlocandos
529 1061 711 1136 recepisset,
738 1076 834 1138 neque
857 1069 1063 1120 veteranorum

10 1156 47 1200 ao
57 1161 155 1223 neque
178 1158 381 1220 possessorum
405 1145 526 1218 gratiam
546 1145 650 1220 tenuit,
675 1143 773 1202 alteris
795 1143 867 1222 pelli
890 1161 939 1221 se,
963 1143 1063 1202 alteris

56 1246 116 1289 oon
137 1242 193 1306 pro
216 1243 269 1303 spe
290 1226 457 1284 meritorum
480 1228 597 1286 tractari
613 1227 812 1306 querentibus.
850 1227 914 1302 Quo
931 1226 1105 1306 tempore14

56 1312 90 1373 li.
106 1310 263 1370 Antonium
280 1308 384 1369 fiducia
402 1310 584 1387 consulatus,
602 1329 686 1390 quem
703 1311 844 1388 gerebat,
863 1330 897 1371 ac
915 1312 1062 1371 fraternae

58 1395 208 1477 potentiae
225 1412 273 1452 res
287 1410 379 1453 novas
393 1394 560 1453 molientem
574 1395 735 1472 confugere
756 1395 904 1456 Perusiam
919 1397 1018 1472 coegit
1033 1403 1064 1454 et

10 1528 23 1549 .
60 1479 97 1542 ad
117 1478 291 1539 deditionem
313 1476 389 1537 fame
411 1479 563 1557 compulit,
591 1488 762 1538 nontamen
783 1482 845 1540 sine
870 1480 1062 1557 magnisonis

15 1571 173 1626 laetante
194 1561 303 1621 bellum
323 1570 353 1620 et
371 1564 399 1620 in
420 1562 499 1622 bello
516 1562 736 1623 discriminibus.
773 1563 846 1624 Nam
861 1583 924 1624 cum
948 1572 1062 1643 specta·

61 1648 129 1709 culo
143 1644 275 1704 ludorum
291 1648 459 1722 gregarium
479 1647 596 1706 militem
618 1649 647 1706 in
670 1648 898 1727 quattuordecim
916 1647 1064 1708 ordinibus

60 1730 213 1792 sedentem
235 1729 357 1789 excitari
380 1749 433 1808 per
449 1733 644 1810 apparitorem
657 1734 808 1809 iussisset,
830 1750 946 1792 rumore
961 1731 996 1792 ab
1012 1729 1063 1791 ob·

10 1814 17 1834 ⁸
60 1813 269 1876 trectatoribus
285 1811 373 1873 dilato
386 1817 468 1893 quasi
483 1815 604 1875 eundem
619 1834 687 1875 mor
701 1825 730 1876 et
745 1816 947 1877 discruciatum
961 1832 1063 1874 necas·

62 1908 125 1975 set,
152 1899 294 1956 minimum
321 1897 407 1974 afuit,
437 1900 503 1977 quin
528 1903 638 1978 periret
658 1917 801 1960 concursu
817 1910 847 1960 et
866 1901 1063 1976 indignatione

21 2004 52 2045 ao
63 1981 166 2044 turbae
182 1980 322 2040 militaris.
355 1982 445 2041 Saluti
460 1983 529 2059 fuit,
546 1984 622 2062 quod
637 1985 684 2062 qui
702 1983 922 2044 desiderabatur
941 1990 1064 2061 repente

62 2065 226 2144 comparuit
240 2065 391 2125 incolumis
406 2084 440 2126 ac
457 2069 519 2126 sine
534 2069 644 2126 iniuria.
680 2066 766 2127 Circa
787 2066 957 2126 Perusinum
972 2073 1065 2124 autem

61 2167 171 2211 murum
185 2150 353 2208 sacrificans
366 2167 460 2229 paene
474 2154 654 2229 interceptus
671 2160 716 2210 est
731 2170 747 2210 a
763 2169 846 2210 manu
860 2149 1063 2227 gladiatorum,

10 2264 40 2321 ζ,
62 2253 137 2315 quae
153 2232 263 2312 oppido
279 2244 425 2312 eruperat.
453 2234 573 2294 Perusia
589 2236 717 2313 captain
733 2234 872 2312 plurimos
886 2231 1063 2293 animadver-
1074 2233 1107 2285 15

10 2328 17 2337 '
63 2323 114 2396 tit,
130 2335 216 2378 orare
230 2319 343 2378 veniam
358 2318 406 2378 vel
422 2337 563 2380 excusare
579 2338 611 2378 se
626 2318 795 2378 conantibus
806 2337 861 2378 una
876 2335 951 2377 voce
964 2334 1065 2376 occur·

23 2420 149 2479 serens,
170 2401 362 2462 moriendum
382 2420 460 2463 ease.
495 2403 630 2462 Scribunt
646 2403 774 2482 quidam,
799 2411 948 2462 trecentos
964 2421 1001 2461 ex
1017 2399 1065 2459 de-

64 2486 170 2547 diticiis
185 2485 298 2546 electos
313 2489 460 2566 utriusque
473 2488 581 2547 ordinis
596 2487 630 2546 ad
648 2507 725 2548 aram
733 2487 890 2547 Divolulio
906 2493 1066 2546 extructam

62 2570 161 2631 Idibus
175 2569 286 2630 Martiis
301 2570 459 2632 hostiarum
473 2590 554 2632 more
568 2581 718 2632 mactatos.
756 2571 921 2632 Extiterunt
946 2572 993 2649 qui
1008 2578 1065 2628 tra-

64 2656 185 2730 derent,
207 2663 352 2732 conpecto
369 2657 482 2716 eumad
503 2675 581 2716 arma
596 2659 672 2734 isse,
694 2665 724 2716 ut
739 2657 847 2716 occulti
862 2655 1021 2716 adversarii
1037 2661 1067 2711 et

64 2755 139 2818 quos
153 2746 247 2797 metus
260 2740 353 2815 magis
369 2757 453 2818 quam
467 2740 600 2800 voluntas
612 2742 790 2817 contineret,
806 2741 945 2800 facultate
959 2737 990 2796 L.
1007 2733 1065 2794 An·

10 2834 55 2916 'o
66 2823 126 2882 toni
142 2820 224 2881 ducis
242 2822 389 2900 praebita,
410 2823 617 2902 detegerentur
630 2824 812 2903 devictisque
835 2826 859 2883 is
875 2833 904 2883 et
926 2821 1066 2881 confisca-

64 2910 116 2984 tis,
132 2907 276 2986 promissa
291 2910 436 2967 veteranis
450 2911 578 2986 praemia
592 2908 841 2987 persolverentur.

128 2990 257 3050 Siculum
272 2990 380 3050 bellum
400 2992 547 3053 inchoavit
564 2994 722 3071 inprimis,
743 2992 795 3051 sed
811 2992 858 3051 diu
874 2990 961 3049 traxit
979 2989 1067 3046 inter·
1076 2997 1109 3052 16

10 3080 22 3107 ¹
65 3076 182 3134 missum
199 3076 334 3154 saepius,
355 3076 440 3137 modo
459 3077 683 3156 reparandarum
705 3076 841 3135 classium
862 3091 965 3149 causa,
996 3087 1067 3148 quas

10 3158 13 3195 ¹
65 3158 287 3236 tempestatibus
302 3159 409 3239 duplici
424 3161 575 3238 naufragio
590 3169 619 3220 et
642 3159 755 3240 quidem
776 3178 830 3237 per
846 3165 984 3218 aestatem
1001 3154 1066 3213 arni·

34 3257 56 3300 a
66 3251 162 3320 serat,
178 3243 264 3303 modo
278 3261 352 3322 pace
364 3245 456 3322 iacta,
469 3245 616 3322 flagitante
629 3244 738 3322 populo
754 3244 791 3302 ob
804 3241 977 3302 interclusos
990 3256 1066 3299 com-

65 3335 178 3386 meatus
194 3328 355 3407 iamemque
370 3331 637 3406 ingravescentem
654 3327 748 3387 donec
762 3327 883 3386 navibus
900 3344 937 3384 ex
951 3327 1065 3400 integro

14 3454 37 3501 ἱ
66 3410 217 3472 fabricatis
232 3430 266 3473 ac
278 3414 380 3490 viginti
395 3431 545 3473 servorum
555 3411 855 3471 milibusmanumissis
870 3419 899 3470 et
913 3409 948 3470 ad
960 3425 1067 3469 remum

68 3494 154 3574 datis,
170 3504 284 3576 portum
296 3496 397 3557 lulium
409 3497 484 3577 apud
496 3497 592 3573 Baias,
608 3497 725 3555 inmisso
738 3495 924 3557 inbuerinum
937 3504 966 3554 et
974 3492 1066 3554 Aver-
