2286 3944
112 195 175 258 aot
393 202 422 251 o.
447 203 612 252 sannorum
630 202 849 262 ununqurnnr

113 363 188 424 enim
203 359 387 438 Tranquillus
404 359 607 436 praeverbium
631 366 711 436 putat
728 356 784 417 dici
810 356 924 417 debere
949 357 1022 436 quod

113 446 162 507 vel
188 444 358 505 adverbium
382 443 459 520 quod
480 451 547 521 post
568 441 688 501 verbum
710 441 941 520 appellationem
968 443 1022 500 etia

112 547 237 608 meaque
254 536 387 606 ponatur.
401 524 671 587 Inliaallomanus
687 524 775 602 apud
789 523 972 586 Charisiano
984 544 1015 602 p.

178 614 238 674 lsto
256 612 353 690 vilius]
378 611 442 670 Rex
469 611 517 689 qui
540 609 666 670 vocabat
688 609 724 669 ad
746 627 880 686 caenam,
906 612 931 668 si
954 609 1010 668 sibi

115 696 280 761 exhibenda
301 695 475 755 indiceretur
491 712 574 773 quam
591 693 732 753 exhihere
746 710 804 752 non
826 703 945 771 posset,
962 712 1022 771 resp

116 795 146 846 ut
161 779 343 860 tranquillus
367 779 473 839 refert:
503 781 558 838 isto
574 778 659 837 vilius
676 777 797 837 hominis
814 779 870 836 erit
891 796 994 837 caena.

117 870 276 931 Romanoa
291 864 378 942 apad
393 862 569 924 clariciam
578 880 611 939 p.
628 869 684 922 180
700 860 734 920 P.

184 953 269 1001 Potest
281 948 323 998 hio
335 949 438 1010 titulus,
465 948 508 1010 qui
521 955 559 997 est
571 947 604 996 de
616 946 701 996 Rebus
718 947 803 1006 variis,
827 961 884 995 cum
898 948 1022 1010 insequen

117 1031 155 1072 est
170 1021 273 1071 Pratum
285 1017 340 1068 sive
351 1018 439 1078 Prata,
454 1017 489 1065 ita
502 1015 582 1066 videri
596 1015 744 1064 coniunctus
758 1015 850 1076 luisse,
864 1023 892 1064 ut
905 1017 1022 1080 inscripta

116 1092 161 1140 rit:
182 1088 208 1139 G.
227 1085 331 1136 Suetoni
344 1085 482 1148 Tranquilli
501 1084 603 1134 Pratum
620 1085 675 1133 sive
692 1083 724 1132 de
742 1083 826 1133 Rebus
844 1084 923 1133 variis
944 1084 1022 1134 libri.

118 1173 174 1208 men
187 1157 264 1208 tutius
278 1155 340 1203 duxi
353 1154 488 1220 separatim
501 1167 603 1218 ponere.

180 1221 256 1284 XVI.
289 1220 362 1294 Quia
391 1222 499 1280 variam
525 1231 553 1280 et
576 1220 736 1279 miscellam
760 1229 789 1279 et
811 1222 893 1297 quasi
918 1221 1021 1279 conius

117 1310 274 1370 doctrinam
291 1305 542 1383 conquisiverunt,
560 1321 596 1362 eo
613 1304 711 1364 titulos
727 1322 844 1382 quoque
867 1304 903 1363 ad
925 1323 990 1363 eam
1008 1323 1020 1361 s

118 1396 183 1454 tiam
200 1388 441 1466 exquisitissimos
456 1388 628 1447 indiderunt.
646 1386 775 1466 Namque
792 1387 840 1447 alii
855 1386 1002 1447 Musarum

117 1482 260 1556 pserunt.
279 1514 286 1527 .
304 1517 311 1530 .
328 1471 431 1549 partim
448 1468 623 1552 Λειμῶνας
638 1517 645 1530 .
663 1515 670 1530 .
688 1516 694 1530 .
718 1470 771 1532 Εει
792 1480 949 1550 praeterea
976 1475 1022 1550 qui

117 1570 195 1619 tum.
217 1554 333 1616 Gellius
345 1554 546 1634 praefatione
562 1564 665 1616 5-8.
683 1554 723 1632 cf.
740 1573 839 1634 supra
852 1574 884 1634 p.
903 1563 969 1631 294,
991 1565 1022 1617 tt

117 1642 188 1704 aias
201 1645 267 1701 nat.
283 1638 354 1700 tiso.
367 1639 569 1718 praefatione
587 1648 632 1700 23.
661 1639 864 1700 Salaecae.
882 1631 1022 1720 Πάμφιλ

182 1725 271 1802 Signa
302 1733 396 1783 autem
424 1733 628 1803 tempestatum
659 1723 860 1802 navigantibus
882 1723 1022 1802 Tranquil

119 1811 239 1871 Pratis
254 1807 516 1869 siodicit:liutatio
532 1809 713 1886 tempestatis
727 1809 926 1886 exspectanda
939 1819 986 1867 est
999 1812 1022 1868 in

118 1896 195 1972 rius,
222 1909 286 1953 cum
307 1893 334 1951 in
353 1902 493 1952 nocturna
516 1893 701 1969 navigatione
724 1891 861 1952 scintillat
875 1893 912 1952 ad
933 1911 1022 1953 remo:

118 1977 316 2057 gubernacula
332 1995 416 2056 aqua.
445 1976 478 2037 ln
494 1985 620 2036 austrum
641 1977 720 2035 venti
743 1978 860 2036 mutatio
876 1985 937 2051 est,
967 1996 1022 2037 cun

119 2065 202 2141 gines
231 2062 417 2122 irundinesve
435 2062 550 2137 volant,
575 2069 702 2120 anteum
722 2059 819 2120 deliini
845 2069 923 2120 totos
949 2080 983 2120 se
1006 2082 1019 2121 s

120 2145 275 2207 ostendunt
291 2155 338 2206 aut
355 2146 453 2207 caudis
469 2162 570 2223 aquarn
586 2144 705 2213 feriunt;
727 2162 790 2203 nam
807 2162 925 2222 semper
941 2155 1022 2205 ventu

121 2232 227 2304 oritur,
244 2247 301 2306 quo
317 2229 359 2288 illi
374 2230 513 2289 feruntur.
545 2226 607 2287 Neo
621 2230 721 2288 mirum
738 2237 782 2287 est
802 2238 877 2288 muta
896 2230 1022 2289 animalia

121 2332 189 2375 nare
206 2312 259 2371 suh
275 2315 406 2390 gurgite;
423 2331 541 2392 semper
556 2313 630 2371 enim
655 2313 818 2390 incipientis
834 2330 923 2372 aurae
939 2323 1019 2373 motu

120 2397 306 2471 inclinantur,
330 2415 414 2473 quarn
430 2397 668 2475 permutationem
683 2397 769 2456 maris
791 2398 873 2474 primi
887 2397 1022 2456 undarum

119 2480 166 2540 lae
179 2479 312 2538 sentiunt.
346 2479 448 2558 ltaque
466 2489 590 2558 propter
605 2481 740 2559 impetum
755 2490 898 2558 pugnant,
916 2482 979 2540 siva
998 2501 1022 2540 m

121 2563 287 2625 deierantur
305 2565 334 2622 in
350 2562 450 2642 litora,
467 2565 530 2622 sive
546 2573 697 2624 naturane
713 2581 880 2624 aversorum
901 2566 1020 2625 cervice

120 2647 302 2728 praecipitet.
335 2644 477 2724 Numquid
499 2664 571 2724 ergo
596 2647 694 2708 delfini
716 2657 823 2708 tantum
846 2648 921 2708 hanc
941 2650 1022 2708 iniuri

121 2728 220 2793 menti
253 2730 340 2790 lmmo
364 2740 393 2790 et
410 2732 501 2790 ceteri
519 2732 636 2809 pisces,
659 2732 712 2792 sed
727 2731 755 2791 hi
774 2741 880 2791 tantum
900 2750 1022 2811 apparet

123 2817 250 2876 exiliunt.
284 2813 429 2876 isidoras
444 2815 613 2876 denatura
629 2834 731 2876 reram
749 2824 800 2891 38,
820 2825 845 2876 1.

185 2899 230 2958 De
247 2900 406 2959 nominibus
423 2901 508 2958 maris
532 2909 561 2959 et
581 2900 723 2960 fluminum
745 2901 773 2958 in
796 2900 914 2960 Pratis
940 2900 1022 2962 'l'ran

122 2985 164 3043 sic
178 2984 306 3043 adseruit
325 2985 440 3044 dicens:
462 2982 619 3044 Externum
641 3002 735 3044 mare
752 2982 886 3044 Oceanus
904 2995 960 3062 est,
984 2987 1022 3045 int

122 3067 199 3145 quod
213 3086 249 3127 ex
265 3067 383 3129 Oceano
403 3068 474 3140 tuit,
494 3087 630 3146 superum
655 3077 684 3127 et
705 3067 826 3127 inferum
846 3069 950 3146 quibus
972 3069 1022 3129 ltal

122 3150 217 3211 luitur.
237 3150 283 3210 Ex
296 3154 330 3210 its
341 3171 476 3230 superum
496 3172 1022 3219 ——5-7————

122 3234 299 3295 Adppflqpcum
331 3237 434 3296 dicitur
450 3245 478 3295 et
512 3205 689 3265 Adrtatroum
704 3223 837 3283 superum
853 3215 985 3282 vocatur,
999 3206 1022 3265 T

122 3315 376 3378 Tuscumfnfemm
396 3319 476 3364 pn,
513 3289 757 3365 numinlerum,ut
770 3287 888 3348 Iunilius
903 3289 1022 3349 et'l'ran

121 3407 193 3458 uum
210 3413 364 3462 encastum,
418 3435 479 3464 m
513 3373 621 3448 dicunt,
635 3372 738 3451 quibus
754 3373 877 3432 adluitur
888 3372 979 3433 ltalia.
997 3374 1022 3434 S

122 3451 348 3543 ferventiam
398 3439 419 3536 ‚l
433 3488 463 3536 μς
513 3455 687 3516 Beroensia
703 3456 747 3516 ad
765 3454 851 3536 Verq.
868 3457 979 3536 Georp.
1000 3468 1022 3535 a
