2256 3930
486 228 591 277 nurus
608 228 720 278 arnus.
1047 219 1109 282 239

112 381 294 460 principibus
309 380 424 440 aliter*
441 400 498 441 non
513 380 669 459 haberent,
695 403 778 461 quam
799 387 822 444 si
844 384 944 445 eadem
966 385 1056 445 isdem
1079 396 1109 446 et

112 465 168 546 ipsi
185 464 346 546 dedissent,
362 466 470 543 primus
485 468 641 544 praeterita
657 470 751 527 omnia
772 486 827 528 uno
847 470 1024 529 confirmavit
1048 469 1106 530 edi·

76 614 83 629 ,
114 558 175 626 etc,
189 568 247 608 nee
264 567 280 609 a
296 566 328 607 se
345 551 405 627 peti
422 567 525 627 passus
541 559 594 610 est.
632 550 664 609 ln
680 553 787 610 ceteris
802 571 872 612 vero
888 553 1039 613 desideriis
1054 555 1105 614 ho-

76 635 216 697 l-minum
236 632 458 693 obstinatissime
480 635 585 710 tenuit,
614 653 650 693 ne
674 654 760 713 quem
780 637 842 695 sine
863 655 917 715 spe
937 637 1105 708 dimitteret;

76 702 180 867 prquin
202 726 231 777 et
254 716 471 777 admonentibus
495 717 677 794 domesticis,
706 722 787 798 quasi
808 719 888 797 plura
917 720 1106 800 polliceretur

111 819 197 881 quam
214 809 362 879 praestare
379 810 496 879 posset,
517 820 579 862 noa
594 809 738 878 oportere
753 805 791 862 ait
806 822 985 883 quemquam
1002 822 1023 864 o
1039 823 1104 865 ser-

76 884 81 949 ,i
108 903 200 946 morse
212 884 366 962 principis
382 885 499 944 tristem
520 885 679 945 discedere
685 911 700 956 ,·
717 897 803 966 atque
827 889 911 947 etiam
934 888 1105 948 reeordatus

76 992 81 1065 q
108 968 254 1049 quondam
269 986 357 1046 super
376 987 504 1043 caenam,
523 968 600 1047 quod
616 969 685 1028 nihil
703 973 834 1049 cuiquam
850 981 912 1032 toto
925 972 971 1031 die
984 975 1105 1050 praesti·

76 1068 81 1105 .·'
107 1057 208 1129 tisset,
223 1051 437 1111 memorabilem
453 1052 528 1111 illam
544 1055 704 1131 meritoque
719 1055 861 1114 laudatam
876 1073 980 1116 vocem
1001 1055 1104 1117 edidit:

76 1135 222 1212 helmaci,
240 1134 318 1194 diem
330 1135 466 1214 perdidi.

174 1219 315 1298 Populum
330 1222 358 1278 in
375 1220 473 1298 primis
496 1222 659 1279 universum
681 1229 757 1281 tanta
781 1241 832 1300 per
855 1225 946 1282 omnis
973 1226 1103 1285 occasio-

101 1324 162 1366 nes
181 1305 315 1363 comitate
331 1306 477 1380 tractavit,
491 1313 520 1362 ut
537 1306 689 1383 proposito
706 1305 879 1382 gladiatorio
895 1325 1029 1385 munere,
1043 1327 1104 1369 reon

103 1389 153 1451 cd
169 1405 268 1465 suum,
282 1386 338 1447 sed
354 1387 399 1447 ad
410 1387 612 1465 spectantium
632 1388 795 1449 arbitrium
820 1390 958 1452 editurum
981 1411 1012 1450 se
1037 1411 1103 1471 pro·

102 1475 207 1535 lessus
224 1473 274 1542 sit;
292 1481 320 1531 et
337 1471 422 1549 plane
438 1473 477 1532 ita
492 1472 573 1531 iecit.
601 1472 674 1532 Nam
696 1491 790 1552 neque
812 1477 930 1553 negavit
952 1478 1104 1555 quiequam

76 1556 275 1638 npeteutibus
291 1565 320 1615 et
335 1565 364 1615 ut
381 1574 454 1634 quae
479 1556 589 1615 vellent
612 1566 745 1635 peterent
763 1557 838 1618 ultro
860 1559 1026 1619 adhortatus
1048 1569 1102 1620 est.

104 1643 185 1718 Quin
206 1649 235 1699 et
248 1640 370 1700 studium
386 1649 545 1700 armaturae
562 1639 704 1699 Threcum
727 1660 798 1720 prae
820 1661 853 1701 se
874 1644 989 1720 lerens,
1012 1662 1102 1722 saepe

104 1745 174 1787 eurn
192 1723 302 1804 populo
318 1733 346 1784 et
358 1742 433 1784 voce
453 1733 482 1782 et
495 1733 580 1800 gestu
595 1733 625 1783 ut
639 1724 734 1784 fautor
750 1727 900 1787 cavillatus
916 1737 976 1803 est,
1003 1747 1103 1787 verum

103 1811 258 1870 maiestate
277 1808 358 1868 salva
374 1827 429 1868 nee
443 1809 534 1866 rninus
551 1809 705 1886 aequitate.
747 1808 791 1868 Ne
814 1811 881 1888 quid
904 1811 1103 1890 popularitatis

104 1893 361 1974 praetermitteret,
377 1909 588 1970 nonnumquam
603 1893 632 1950 in
648 1891 766 1951 thermis
790 1895 849 1952 suis
871 1894 993 1953 admissa
1016 1894 1103 1973 plebe

76 1978 188 2038 elavit.

172 2060 319 2135 Quaedam
334 2059 387 2118 sub
403 2078 439 2119 eo
457 2061 573 2119 fortuita
589 2077 624 2118 ac
640 2061 731 2119 tristia
747 2060 932 2134 acciderunt,
949 2070 979 2119 ut
996 2061 1102 2121 conda-

104 2147 203 2224 gratio
219 2145 321 2204 Vesvii
342 2146 446 2204 montis
462 2145 489 2202 in
507 2141 679 2221 Campania,
699 2153 727 2202 et
743 2143 904 2202 incendium
918 2144 1029 2204 Romae
1050 2164 1103 2224 per

104 2228 230 2290 triduum
242 2228 420 2306 totidemque
433 2237 546 2304 noctes,
560 2229 627 2286 item
640 2227 805 2304 pestilentia
818 2237 921 2305 quanta
930 2246 986 2288 non
994 2237 1103 2288 temere

105 2313 192 2373 alias.
232 2311 264 2371 In
279 2313 314 2372 iis
332 2321 374 2372 tot
389 2312 519 2372 adversis
536 2330 570 2370 ac
585 2310 690 2370 talibus
708 2328 765 2369 non
779 2311 864 2371 modo
883 2314 1023 2391 principis
1043 2313 1102 2373 sol·

76 2396 285 2459 ttlieitudinem
303 2395 354 2456 sed
368 2405 397 2456 et
413 2398 539 2475 parentis
556 2395 688 2454 allectum
714 2395 825 2455 unieum
846 2397 1005 2474 praestitit,
1028 2415 1103 2457 nune

105 2479 289 2542 consolando
305 2499 359 2559 per
374 2479 480 2556 edicta,
496 2497 571 2538 nune
587 2478 755 2557 opitulando
771 2489 910 2559 quatenus
932 2490 1104 2560 suppeteret

103 2565 240 2626 laeultas.
279 2563 436 2624 Curatores
454 2562 649 2624 restituendae
672 2561 845 2642 Campaniae
870 2583 886 2624 o
909 2566 1103 2625 consularium

103 2666 227 2708 numero
244 2658 323 2707 sorte
347 2648 439 2718 duxit;
461 2648 535 2707 bona
557 2665 765 2726 oppressorum
786 2650 814 2707 in
830 2649 957 2724 Vesvio,
983 2667 1103 2726 quorum

104 2731 234 2792 heredes
250 2749 308 2792 non
323 2732 469 2808 extabant,
485 2732 657 2790 restitutioni
672 2731 842 2792 alilictarum
859 2733 1012 2792 civitatium
1025 2734 1102 2791 attri-

76 2815 178 2876 tsbuit.
212 2804 300 2877 Urbis
317 2815 451 2874 incendio
470 2814 546 2874 attat
559 2813 683 2891 publice
696 2815 820 2892 perisse
841 2825 975 2892 testatus,
1000 2823 1103 2874 cuncta

107 2901 320 2979 praetoriorum
333 2917 448 2959 suorum
459 2907 624 2958 ornamenta
640 2899 779 2976 operibus
799 2917 834 2958 ae
850 2899 965 2978 templis
978 2899 1102 2958 destina·

106 2985 149 3043 vit
160 2986 388 3062 praeposuitque
405 2982 561 3060 compluris
578 2999 615 3039 err
630 2984 760 3058 equestri
772 2981 882 3060 ordine,
899 3000 955 3060 quo
969 2999 1102 3060 quaeque

107 3069 474 3146 maturiusperagerentur.
490 3064 650 3126 Medendae
663 3065 809 3123 valitudini
817 3065 1018 3143 leniendisque
1027 3082 1101 3124 mor·

108 3149 153 3211 bis
168 3151 274 3211 nullam
290 3150 411 3211 divinam
429 3151 636 3226 humanamque
653 3165 738 3225 opem
763 3165 820 3206 non
844 3147 986 3224 adhibuit,
1011 3149 1101 3225 inqui-

76 3236 165 3295 sssito
183 3237 258 3296 omui
275 3235 482 3296 sacrificiorum
501 3231 751 3308 remediorumque
764 3249 884 3308 genere.

168 3319 247 3378 luter
277 3317 398 3378 adversa
429 3327 590 3396 temporum
623 3323 652 3373 et
685 3312 831 3373 delatores
862 3314 1101 3393 mandatoresque

108 3412 190 3462 erant
213 3421 251 3463 ex
272 3403 388 3463 lieentia
409 3401 512 3461 veteri.
552 3399 613 3460 Hos
640 3396 754 3456 assidue
777 3399 804 3456 in
828 3398 893 3458 foro
923 3397 1047 3475 flagellis
1067 3416 1102 3458 ac

105 3487 232 3548 lustibus
248 3503 352 3548 caesos
371 3504 405 3546 ac
422 3485 576 3545 novissime
593 3480 741 3544 traductos
758 3499 811 3561 per
826 3480 1023 3563 amphitheatri
1039 3500 1102 3542 are
