2286 3944
418 219 521 266 nurus
541 219 731 268 sponsurus.
1024 215 1063 273 73

57 375 113 453 ibi,
129 373 224 434 donee
237 372 351 433 residua
367 372 458 431 diurni
473 383 551 431 actus
568 382 615 432 aut
630 376 722 433 omnia
739 383 786 434 aut
798 395 835 436 ex
845 379 967 438 maxima
980 388 1063 457 parte

60 459 240 534 conficeret,
261 456 296 516 ad
318 456 434 515 multam
452 465 567 515 noctem
588 457 786 534 permanebat.
815 459 848 518 ln
868 461 974 520 lectum
996 463 1063 523 inde

58 553 280 619 transgressus,
297 556 354 598 non
371 540 491 617 amplius
506 559 568 598 cum
583 540 734 618 plurimum
749 560 833 619 quam
847 553 960 622 septem
975 541 1062 605 boras

60 625 241 702 dormiebat,
261 643 297 684 ac
319 642 356 682 ne
377 642 428 683 eas
448 623 562 701 quidem
580 625 745 701 continuas,
768 627 820 686 sed
838 637 869 686 ut
882 629 911 685 in
926 629 977 687 illo
992 639 1061 688 tem·

37 711 147 790 sporis
170 711 263 787 spatio
286 718 331 768 ter
347 716 394 766 aut
412 716 515 785 quater
530 708 795 786 expergisceretur.
828 712 858 769 Si
872 712 1063 791 interruptum

60 811 193 854 somnum
216 794 402 871 reciperare,
425 800 455 850 ut
478 793 589 867 evenit,
614 808 671 850 non
693 802 810 871 posset,
835 793 995 854 lectoribus
1016 805 1064 855 aut

59 875 276 938 fabulatoribus
293 876 442 935 arcessitis
457 875 637 950 resumebat,
661 875 899 954 producebatque
916 878 989 937 ultra
1007 881 1062 958 pri·

59 979 137 1022 mam
160 977 251 1038 saepe
276 959 380 1018 lucem.
420 957 484 1018 Nec
507 961 536 1017 in
558 959 686 1018 tenebris
706 960 837 1035 vigilavit
857 979 988 1038 umquam
1010 963 1064 1020 nisi

60 1044 210 1105 assidente
234 1044 342 1120 aliquo.
384 1043 520 1103 Matutina
543 1043 642 1119 vigilia
664 1043 878 1112 offendebatur;
909 1063 943 1104 ac
968 1046 992 1103 si
1015 1043 1063 1104 vel

11 1128 156 1189 aoofircii
181 1127 228 1185 vel
253 1128 329 1185 sacri
354 1145 440 1185 causa
464 1127 600 1185 maturius
626 1127 820 1202 evigilandum
847 1136 942 1205 esset,
971 1147 1007 1186 ne
1035 1127 1063 1186 id

62 1220 166 1273 contra
188 1210 365 1269 commodum
387 1212 515 1286 iaceret,
538 1212 566 1268 in
589 1212 721 1287 proximo
744 1212 948 1289 cuiuscumque
966 1211 1062 1271 dome·

62 1297 202 1355 sticorum
229 1294 385 1353 caenaculo
413 1293 556 1352 manebat.
599 1295 647 1351 Sic
673 1311 789 1372 quoque
816 1313 906 1372 saepe
929 1295 1063 1371 indigens

62 1379 174 1455 somni,
203 1387 231 1436 et
258 1377 321 1437 dum
346 1396 401 1455 per
423 1378 505 1436 vicos
529 1376 731 1454 deportaretur
751 1387 779 1436 et
803 1378 935 1455 deposita
957 1379 1062 1438 lectica

61 1465 139 1522 inter
154 1462 266 1539 aliquas
280 1477 377 1520 moras
394 1459 621 1520 condormiebat.

15 1560 53 1602 as
125 1545 230 1605 Forma
250 1545 302 1603 luit
322 1546 424 1603 eximia
443 1553 472 1603 et
493 1563 546 1622 per
562 1561 661 1602 omnes
679 1545 780 1604 aetatis
796 1544 903 1621 gradus
921 1547 1106 1614 venustis-79

63 1633 150 1697 sima;
172 1646 341 1707 quamquam
364 1637 393 1687 et
415 1629 505 1686 omnis
527 1628 664 1686 lenocinii
689 1628 852 1704 neglegens
874 1637 902 1687 et
922 1630 1062 1706 incapite

64 1712 208 1773 comendo
229 1721 286 1771 tam
308 1713 487 1788 incuriosus,
511 1720 540 1769 ut
560 1712 663 1789 raptim
684 1711 880 1789 compluribus
898 1713 979 1770 simul
1001 1721 1062 1771 ton-

63 1796 182 1857 soribus
203 1813 322 1873 operam
345 1795 442 1871 daret,
466 1813 500 1853 ac
515 1794 601 1853 modo
618 1794 752 1855 tonderet
764 1795 850 1853 modo
870 1795 985 1854 raderet
998 1795 1062 1855 bar-

60 1882 146 1957 bam,
169 1897 264 1957 eoque
283 1881 348 1958 ipso
363 1887 495 1956 tempore
513 1886 560 1937 aut
575 1878 690 1953 legeret
704 1878 813 1955 aliquid
829 1888 876 1936 aut
893 1879 976 1936 etiam
992 1880 1062 1937 scri-

13 1960 159 2024 ioberet.
189 1962 277 2022 Vultu
297 1971 358 2022 erat
375 1963 423 2021 vel
443 1963 471 2020 in
488 1979 621 2021 sermone
638 1960 685 2020 vel
702 1962 805 2019 tacitus
821 1960 894 2019 adeo
908 1961 1062 2037 tranquillo

64 2063 250 2123 serenoque,
271 2054 301 2104 ut
325 2045 438 2124 quidam
460 2064 476 2103 e
495 2043 668 2123 primoribus
684 2042 839 2104 Galliarum
860 2043 1012 2101 confessus
1028 2044 1064 2101 sit

62 2134 141 2191 inter
164 2147 250 2206 suos,
276 2146 312 2187 eo
336 2147 368 2188 se
392 2128 539 2187 inhibitum
560 2145 595 2186 ac
615 2127 801 2202 remollitum,
825 2143 882 2202 quo
907 2126 1013 2201 minus,
1034 2133 1064 2183 ut

64 2214 239 2288 destinarat,
267 2213 295 2270 in
323 2214 444 2272 transitu
467 2211 582 2289 Alpium
609 2228 663 2287 per
686 2209 894 2267 simulationem
917 2209 1064 2285 conloquii

64 2297 188 2378 propius
204 2294 352 2373 admissus,
368 2297 397 2354 in
412 2296 612 2372 praecipitium
631 2292 822 2371 propelleret.
844 2291 952 2350 Oculos
968 2291 1064 2350 habuit

22 2381 165 2441 asclaros
194 2398 228 2439 ac
250 2379 372 2456 nitidos,
399 2379 503 2456 quibus
528 2378 612 2436 etiam
639 2377 797 2434 existimari
823 2375 941 2434 volebat
966 2376 1064 2434 inesse

64 2463 200 2543 quiddam
220 2462 306 2522 divini
321 2465 448 2539 vigoris,
472 2461 691 2538 gaudebatque,
715 2463 738 2517 si
755 2459 802 2536 qui
819 2459 872 2518 sibi
887 2461 981 2518 acrius
996 2477 1063 2518 con-

62 2548 155 2608 tuenti
174 2546 255 2624 quasi
280 2546 315 2606 ad
340 2546 485 2622 iulgorem
511 2545 582 2604 solis
608 2543 714 2601 vultum
737 2544 936 2612 summitteret;
963 2543 1015 2602 sed
1035 2543 1064 2601 in

64 2639 185 2691 senecta
206 2631 321 2689 sinistro
341 2631 432 2688 minus
454 2629 537 2696 vidit;
560 2627 661 2686 dentes
675 2645 757 2686 raros
773 2635 801 2685 et
816 2629 938 2702 exiguos
955 2636 984 2684 et
1000 2645 1063 2685 sca·

64 2716 151 2783 bros;
170 2713 424 2791 capillum—leviter
440 2713 574 2771 inllenum
591 2720 619 2769 et
634 2709 805 2778 subllavum;
825 2709 980 2787 supercilia
996 2725 1063 2766 con·

28 2800 180 2866 aoiunota;
195 2797 360 2856 mediocres
376 2815 476 2863 aures;
495 2815 592 2854 nasum
608 2802 636 2852 et
650 2811 666 2852 a
681 2812 789 2853 summo
807 2793 1022 2851 eminentiorem
1036 2799 1064 2849 et

65 2882 102 2942 ab
129 2883 185 2939 imo
210 2880 419 2948 deductionem
448 2880 577 2938 colorem
600 2880 673 2936 inter
695 2877 820 2955 aquilum
843 2874 1062 2951 candidumque;

66 2975 204 3025 staturam
218 2964 354 3040 brevem,
372 2965 469 3043 (quam
484 2972 578 3022 tamen
593 2962 680 3020 lulius
694 2960 853 3033 Marathus,
870 2958 990 3016 libertus
1006 2965 1064 3015 eta

10 3050 14 3061 '
64 3050 204 3108 memoria
223 3049 300 3125 eius,
316 3050 440 3126 quinque
456 3046 559 3126 pedum
577 3055 605 3104 et
620 3043 766 3103 dodrantis
782 3043 872 3100 luisse
889 3039 990 3117 tradit)
1013 3039 1064 3098 sed

66 3151 142 3212 quae
165 3132 367 3192 commoditate
390 3140 418 3190 et
440 3131 583 3209 aequitate
606 3127 797 3186 membrorum
817 3123 1014 3199 occuleretur,
1033 3131 1064 3182 ut

29 3237 56 3278 as
66 3217 182 3276 nonnisi
197 3235 235 3275 ex
251 3215 467 3294 comparatione
480 3213 597 3272 astantis
610 3211 730 3269 alicuius
744 3207 921 3287 procerioris
934 3206 1063 3281 intellegi

10 3340 12 3347 ·
65 3307 178 3379 posset.

111 3381 244 3462 Corpore
268 3381 387 3442 traditur
413 3381 578 3452 maculoso,
605 3376 745 3453 dispersis
771 3393 824 3453 per
850 3381 952 3451 pectus
978 3382 1108 3452 atquesso

66 3467 163 3527 alvum
188 3466 331 3543 genetiuis
358 3464 434 3524 notis
461 3465 488 3522 in
515 3459 627 3520 modum
655 3467 682 3518 et
708 3457 834 3519 ordinem
862 3475 896 3516 ac
916 3475 1061 3516 numerum
