2256 3930
439 235 468 281 c.
492 233 676 282 caraune.
1001 225 1057 286 141

74 388 223 447 ontionem
249 388 458 465 confestimque
488 387 589 447 urbem
619 389 706 465 petit,
739 387 853 449 deflexa
874 390 950 448 omni
978 407 1059 450 aoer·

74 472 147 530 itate
171 472 198 528 in
224 480 370 548 senatum,
393 472 439 530 eui
469 471 505 532 ad
525 471 699 532 avertendos
720 479 861 532 tantorum
884 472 1059 534 dedecorum

74 570 190 613 umores
211 556 307 634 palam
332 553 506 623 minabatur;
531 573 657 633 querens
684 555 759 614 iuter
782 564 879 616 cetera
900 556 1060 617 fraudatum

74 657 91 698 e
108 640 183 696 iusto
199 638 358 717 triumpho,
380 641 521 717 cumipse
536 638 622 717 paulo
638 648 720 716 ante,
742 657 779 698 ne
802 639 869 716 quid
891 640 927 700 de
942 640 1058 700 honori·

74 740 112 780 us
145 722 204 782 suis
232 732 384 800 ageretur,
407 723 492 782 etiam
525 721 578 782 sub
607 723 706 781 mortis
736 739 830 800 poena
852 722 1057 784 denuntiasset.

74 805 162 865 iditus
185 824 258 883 ergo
280 809 309 865 in
324 808 426 866 itinere
452 806 589 883 elegatis
610 806 776 885 amplissimi
792 805 900 866 ordinis
919 816 949 866 ut
970 816 1101 876 matu-49

74 898 137 950 aret
151 890 314 968 orantibus,
334 909 417 969 quam
431 891 552 950 maxima
568 907 643 948 vooe
662 888 786 950 Veniam
800 891 905 969 inquit,
925 892 1056 966 venium,

74 979 87 1032 t
114 973 164 1034 bie
190 976 324 1034 meeum!
371 973 503 1053 oapulum
537 972 625 1050 gladii
657 973 761 1034 erebro
791 973 964 1052 verberans,
1001 992 1058 1053 quo

75 1058 169 1117 inatus
185 1067 256 1117 erat.
284 1057 381 1118 Edixit
399 1066 428 1116 et
442 1058 557 1117 reverti
568 1075 618 1134 se,
646 1057 703 1117 sed
714 1057 754 1117 iio
769 1064 886 1118 tontum
901 1058 953 1137 qui
969 1066 1057 1136 optu-

75 1148 142 1216 em,
182 1142 316 1220 equestri
340 1140 445 1201 ordini
469 1148 498 1201 et
522 1141 664 1219 populo;
689 1159 762 1201 uum
782 1159 817 1201 se
843 1159 940 1220 aeque
965 1143 1059 1203 eioem

74 1242 156 1302 :eque
182 1225 356 1302 prinoipem
389 1226 513 1285 senatui
547 1225 679 1303 emplius
713 1223 795 1302 fore.
846 1226 944 1286 Vetuit
974 1228 1059 1285 etiam

74 1325 230 1386 juemquam
247 1317 411 1369 senatorum
428 1310 483 1367 sibi
496 1326 663 1383 occurrere,
681 1317 767 1386 atque
783 1310 890 1369 omisso
907 1309 1058 1453 reqdilato

74 1391 201 1469 riumpho
229 1410 319 1452 ovans
351 1392 451 1452 urbem
465 1391 552 1452 natali
583 1409 635 1452 suo
661 1394 812 1469 ingressus
834 1401 897 1462 est;
927 1394 1059 1472 iuraque

74 1484 188 1553 juartum
203 1494 330 1535 mensem
347 1479 450 1554 periit,
470 1477 598 1553 ingentia
618 1475 748 1536 iaoinora
766 1494 851 1537 ausus
866 1484 895 1536 et
911 1477 1057 1555 aliquanto

74 1560 166 1619 raiora
198 1559 329 1619 moliens.
380 1559 526 1639 Siquidem
562 1568 756 1638 proposuerat
784 1559 916 1638 Antium,
955 1559 1059 1621 deinde

74 1643 271 1704 ulexandream
294 1646 499 1722 commigrare,
523 1645 695 1722 interempto
715 1645 795 1722 prius
818 1645 965 1724 utriusque
983 1643 1057 1704 ordi·

76 1729 101 1785 is
118 1727 295 1787 electissimo
323 1746 449 1807 quoque.
495 1727 578 1803 Quod
601 1746 637 1787 ne
664 1729 709 1787 eui
732 1727 845 1788 dubium
862 1728 1008 1805 videatur,
1029 1730 1058 1787 iu

74 1812 181 1871 eeretis
206 1813 268 1871 eius
294 1815 404 1890 reperti
426 1821 490 1873 sunt
513 1812 569 1872 duo
591 1811 684 1871 libelli
709 1810 826 1872 diverso
849 1812 948 1890 titulo,
975 1811 1057 1872 alteri

74 1894 220 1972 ladius,
246 1895 328 1955 alteri
349 1897 459 1974 pugio
481 1895 569 1955 index
590 1904 666 1964 erat;
695 1895 779 1955 ambo
797 1897 911 1956 nomina
932 1904 961 1955 et
974 1905 1057 1956 notas

76 1978 244 2039 obtinebant
272 1982 356 2039 morti
387 1981 602 2040 destinatorum.
651 1979 771 2039 Iuventa
803 1989 832 2039 et
860 1997 928 2040 arua
954 1981 1057 2057 ingens

74 2064 203 2122 ‘ariorum
217 2081 394 2124 venenorum
411 2064 514 2142 plena,
542 2063 644 2142 quibus
665 2080 764 2123 mona
781 2061 900 2123 Claudio
918 2062 1057 2122 demersis

74 2146 165 2206 nfecta
196 2149 283 2207 maria
314 2148 474 2224 traduntur,
511 2165 568 2207 non
599 2149 662 2206 sine
688 2147 810 2224 pisoium
843 2147 948 2222 exitio,
985 2163 1057 2224 quos

76 2238 178 2291 neotus
194 2241 291 2292 aestus
308 2234 336 2291 in
352 2234 484 2311 proxima
502 2232 588 2292 litora
603 2231 699 2290 eieoit.

121 2309 236 2376 Statura
250 2316 302 2375 fuit
320 2316 469 2394 eminenti,
493 2316 593 2376 colore
611 2313 775 2394 expallido‚
795 2330 920 2393 corpore
937 2313 1056 2390 enormi,
1066 2323 1099 2375 st

74 2397 221 2459 raoilitate
236 2400 357 2459 maxima
378 2401 502 2460 oervieis
518 2409 547 2459 et
569 2417 699 2474 crurum,
721 2397 814 2458 oeulis
833 2405 862 2457 et
879 2395 1057 2476 temporibus

74 2483 210 2561 onoavis,
232 2483 328 2543 iroute
354 2483 413 2544 lata
438 2493 468 2544 et
490 2493 587 2560 torva,
618 2481 724 2562 capillo
746 2498 814 2542 raro
836 2499 872 2542 aa
897 2482 974 2541 eirea
994 2497 1057 2539 ver·

77 2584 143 2627 uem
154 2567 251 2644 nullo,
271 2566 396 2627 hirsutus
413 2576 522 2628 cetera.
567 2568 664 2642 Quare
690 2574 856 2626 transeunte
882 2581 918 2624 eo
944 2564 1057 2644 prospi-

74 2669 126 2711 ere
150 2669 188 2710 ex
209 2651 361 2730 superiore
383 2661 480 2730 parte,
503 2660 550 2712 aut
572 2651 684 2712 omnino
707 2667 886 2728 quacumque
908 2647 944 2708 de
972 2665 1059 2707 eausa

74 2752 175 2813 apram
199 2737 360 2812 nominare,
385 2736 569 2795 criminosum
594 2743 624 2795 et
639 2734 755 2794 exitiale
775 2732 944 2794 habebatur.
988 2729 1057 2791 Vul-

74 2836 113 2878 un
131 2835 203 2878 vero
216 2827 315 2878 natura
335 2819 482 2880 horridum
499 2837 534 2880 ae
549 2828 653 2880 tetrum
672 2819 756 2877 etiam
778 2836 815 2877 en
835 2814 972 2875 industria
988 2813 1056 2873 effe·

74 2903 154 2978 nbat,
181 2918 359 2980 componens
379 2903 415 2963 ad
441 2903 590 2982 speeulum
610 2904 639 2962 in
656 2918 767 2960 omnem
787 2909 928 2960 terrorem
949 2916 983 2957 ae
998 2897 1057 2956 ior·

77 2986 201 3048 idinem.

119 3068 256 3129 Valitudo
276 3071 303 3128 ei
322 3088 416 3148 neque
435 3071 568 3148 eorporis
586 3085 681 3147 neque
703 3068 786 3126 animi
803 3065 939 3125 constitit.
983 3062 1059 3122 Puer

74 3153 196 3215 amitiali
210 3152 312 3213 morbo
326 3162 464 3230 vexatus,
486 3155 514 3212 in
530 3151 726 3212 adnleseentia
745 3151 784 3209 ita
798 3150 910 3227 patiens
928 3144 1058 3206 laborum

74 3245 133 3313 rat,
156 3244 187 3294 ut
205 3245 298 3296 tamen
313 3253 522 3314 nonnumquam
538 3234 630 3295 subita
644 3233 810 3293 deiectione
824 3230 953 3309 ingredi,
969 3238 1057 3306 stare,

74 3320 203 3396 elligere
219 3330 311 3380 semet
327 3339 362 3382 ae
378 3321 501 3380 sufferre
516 3319 565 3378 vin
585 3323 696 3396 posset.
746 3315 851 3376 lilentis
873 3313 1056 3375 valitudinem

74 3415 82 3466 t
107 3405 174 3482 ipse
207 3414 338 3465 senserat
364 3423 399 3466 ao
430 3401 549 3463 subinde
576 3400 612 3461 da
641 3416 762 3460 secessu
790 3399 883 3478 deque
907 3397 1057 3478 purgando

74 3487 184 3550 erebro
212 3489 359 3566 cogitavit.
405 3485 538 3548 Creditur
561 3484 728 3564 potionatus
755 3501 771 3544 a
800 3481 942 3544 Caesonia
965 3500 1059 3543 uxore
