2256 3930
118 237 176 284 LIV
454 237 660 285 PRAEFATIO.

122 400 194 452 rnino
208 396 311 453 tonant
324 402 377 452 etc.
394 394 476 450 Iobis
490 395 609 451 Aloisius
626 396 769 451 Tuseonus
788 397 939 452 advocatus
957 413 1023 454 eon»
1052 390 1054 394 ’

121 482 279 546 retonans,
302 479 468 536 invenerunt
482 478 598 534 Parisiis
614 477 760 553 (incurab.
784 496 829 538 no.
845 475 931 554 1133)
947 497 1022 537 mea·

123 581 176 636 que
193 565 282 636 gratia
297 563 512 633 diligentissima
527 564 702 617 contulerunt
716 563 873 619 Iacobus
890 563 1023 619 Hunni-

123 650 188 703 ker
213 646 357 704 Helvetius
377 653 405 702 et
421 646 585 701 Andreas
610 645 751 716 Frigell
774 646 890 702 Suecus.
936 647 1023 704 'iran-

123 731 203 802 quiIIi
214 731 327 787 libellus
342 729 409 785 tolia
426 729 477 786 XV
483 729 658 798 quaternaria
671 722 805 790 29¹—43l
818 729 1022 801 complectitur,

123 814 220 887 incipit
242 814 386 869 Suetonius
402 814 436 868 tle
450 814 651 884 aromaticis,
674 812 776 868 desiuit
790 813 919 868 abstinuit
932 813 1002 868 cibo.
1017 816 1021 878 Ι

122 898 170 952 tr
178 897 224 955 VS
237 895 324 954 aab.

65 983 105 1024 ¹¹¹⁸
185 981 278 1037 Tertia
300 986 342 1035 ast
364 979 573 1034 Florentino
594 977 680 1034 aditio
702 997 728 1034 a.
748 985 816 1040 ttts
835 981 973 1052 impressa
997 986 1023 1035 et

123 1064 200 1122 ioiiis
218 1062 404 1136 quaternariis
419 1060 481 1116 XIV
501 1068 641 1117 constans.
672 1062 780 1119 Initium
797 1070 840 1120 ast
854 1063 883 1120 0.
900 1062 1024 1119 Suetonii

125 1149 286 1221 Tranquilli.
305 1143 310 1223 Ι
329 1146 363 1200 de
375 1147 567 1216 qrammatieis.
589 1151 616 1199 et
630 1141 757 1224 rhetori}
776 1148 835 1202 bus.
869 1148 965 1202 clam.
992 1147 1023 1200 li·

122 1232 178 1288 ber.
204 1232 305 1302 incipit.
335 1229 397 1285 duis
415 1229 492 1283 cibo:
511 1221 516 1307 Ι
535 1228 589 1282 Nil.
621 1231 746 1300 amplius.
771 1232 921 1301 reperitur.
940 1224 945 1305 Ι
966 1229 1023 1285 Int-

119 1330 246 1388 pressum
267 1314 426 1369 Furentine
448 1330 466 1366 a
489 1303 495 1389 Ι
515 1313 579 1383 pud
598 1311 727 1367 Sanctum
744 1313 874 1370 Iacobum
897 1314 932 1368 de
950 1305 956 1392 Ι
976 1314 1024 1368 tu-

117 1401 185 1469 poii.
215 1396 417 1454 naccam
421 1389 548 1471 V111³³).
594 1398 653 1452 Duo
674 1399 800 1470 exempla
822 1397 932 1469 Lipsiae
953 1398 1022 1452 bibl.

122 1577 198 1629 ialIor
216 1584 344 1638 tamquam
361 1575 472 1624 codicem
490 1575 601 1624 contulit.
639 1572 790 1623 Germanum
806 1573 964 1641 typothetam
973 1577 1024 1638 sal-

119 1661 199 1713 pares
210 1660 235 1712 p.
252 1643 312 1701 267,
329 1643 362 1694 19
379 1651 403 1692 et
416 1647 493 1693 metas
505 1658 530 1708 p.
542 1642 601 1704 269,
617 1643 651 1694 36
664 1642 782 1707 produnt.
818 1643 855 1693 De
872 1644 1023 1706 quibusdam

124 1714 202 1767 rebus
228 1711 436 1778 bibliographicis
461 1711 563 1761 videndi
590 1709 736 1776 Schweiger
760 1712 776 1759 2
803 1726 829 1777 p.
857 1711 917 1763 615.
958 1713 1024 1762 Hain

124 1797 166 1834 uo.
186 1780 277 1833 11443.
313 1779 403 1830 Nescio
420 1779 573 1828 vetustiorue
589 1781 622 1830 sit
639 1795 670 1829 an
692 1780 815 1844 posterior
829 1795 860 1829 ea
878 1781 1023 1844 impressio,

124 1864 201 1916 quam
216 1848 333 1916 prodisse
353 1855 442 1914 putant
466 1862 499 1896 ex
516 1847 630 1897 Romana
651 1847 753 1897 oidciua
766 1849 807 1898 uel
824 1849 927 1898 Ioannis
943 1848 1024 1899 Gens-

124 1919 189 1985 berg
206 1917 246 1967 vel
262 1917 365 1966 ioannIs
378 1915 519 1965 Schurener
534 1915 565 1965 de
579 1916 731 1982 Boppardia.

193 1985 238 2048 33)
254 1984 396 2050 Principem
414 1984 470 2033 dico
490 1983 555 2033 hanc
571 1985 739 2034 Florentinam
754 1985 889 2034 editionem
906 1999 958 2034 uou
973 1993 1024 2034 tarn

124 2056 200 2107 certis
213 2053 353 2104 rationibus
366 2052 497 2112 inductus,
513 2067 589 2115 quam
606 2053 673 2116 quod
687 2053 855 2116 antiquiorem
870 2054 926 2103 eius
944 2068 1025 2118 gene·

125 2126 160 2176 ris
175 2137 226 2174 non
241 2123 308 2172 novi.
346 2121 447 2172 collatis
463 2122 530 2170 enIm
544 2122 668 2171 similibus
684 2122 806 2186 exemplis
822 2129 904 2171 aetate
919 2121 1025 2172 inferio·

124 2194 203 2254 ribus,
220 2191 345 2256 suspicari
361 2191 419 2239 licet
435 2189 466 2238 de
480 2191 616 2240 vetustiore
629 2189 714 2252 aliqua
731 2191 840 2239 editione
855 2191 969 2240 noudum
985 2191 1025 2239 in·

125 2269 209 2321 venta,
224 2259 291 2310 uude
310 2268 333 2308 et
343 2259 488 2308 Florentius
503 2266 528 2307 et
542 2259 655 2320 reliquae
671 2257 798 2307 derivatae
813 2273 870 2308 esse
881 2258 1024 2310 videantur.

124 2330 219 2380 Verum
234 2342 290 2377 oum
306 2341 362 2377 eam
375 2341 428 2376 rem
443 2341 510 2374 nuno
524 2326 556 2374 ad
571 2325 694 2388 liquidum
708 2327 845 2390 perducere
861 2341 911 2376 uon
924 2342 1024 2390 queam,

125 2399 187 2448 satis
201 2395 282 2445 habeo
295 2395 370 2445 trium
380 2394 548 2460 posteriorum
561 2393 699 2442 editionum
715 2394 828 2443 notitiam
844 2395 947 2444 addere.
973 2396 1025 2445 Hoc

124 2467 191 2515 euim
208 2463 365 2526 exemplum,
384 2470 411 2511 ut
426 2461 536 2511 bonitate
552 2477 600 2510 sua
614 2464 718 2525 meruit,
740 2463 852 2512 omnium
874 2464 1026 2528 saepissime

124 2546 241 2583 recusum
257 2539 303 2579 est.

161 2601 184 2652 l.
207 2601 236 2648 In
251 2598 310 2647 bibl.
326 2599 396 2648 unia.
411 2597 552 2663 Lipsiensis
567 2596 644 2662 (Ilist.
662 2599 704 2648 lat.
722 2597 784 2664 146)
801 2600 911 2663 itemque
927 2600 1023 2649 Vratis·

125 2668 246 2720 laviensis
266 2666 343 2717 editio
359 2673 474 2716 servatur
492 2666 554 2715 folia
569 2668 728 2731 quaternaria
742 2668 801 2717 VIII
815 2683 935 2717 uersuum
949 2666 1024 2717 XXX

125 2737 264 2796 continens,
280 2735 349 2784 urbis
365 2736 425 2783 anui
438 2735 591 2800 typographi
600 2734 701 2785 indiciis
710 2736 838 2792 destituta,
853 2737 888 2785 ita
901 2737 1024 2802 incipiens

127 2807 154 2856 0.
172 2804 283 2854 Suetonii
296 2801 437 2866 Tranquilli
456 2805 486 2851 de
502 2818 625 2866 pransura-
641 2806 645 2866 Ι
661 2807 731 2854 tieis:
749 2812 774 2853 et
789 2805 929 2854 rhetoribus
946 2806 1025 2854 clarit

126 2874 232 2924 libellus.
269 2872 304 2920 ita
329 2871 448 2921 desinens
474 2871 600 2921 abstinens
622 2873 685 2922 cibo.
707 2869 712 2933 Ι
731 2872 845 2922 Suetonii
869 2874 971 2937 Trbplli
995 2875 1026 2922 de

125 2943 203 2991 oloris
227 2939 393 2989 Grbmntieis:
419 2939 442 2987 a
463 2940 598 2989 rbetorib⁹.
620 2944 697 2991 Finis.
742 2941 914 3007 Bibliographi
934 2943 1026 2991 docent

125 3012 270 3061 adiunctam
285 3009 344 3058 olim
358 3007 439 3058 inisse
453 3009 541 3074 Apicio
561 3010 591 3060 de
605 3026 633 3060 rc
648 3011 792 3074 coquinaria
806 3012 904 3060 circiter
919 3026 943 3060 a.
957 3008 1025 3060 1500

125 3079 239 3128 venetiis
256 3093 302 3143 per
316 3076 499 3126 Bernardiuum
513 3078 636 3128 Venetum
655 3081 788 3145 impresso.
825 3078 957 3144 Lipsieuse
980 3095 1025 3128 ex-

125 3147 236 3212 emplum
252 3162 267 3195 a
282 3146 406 3195 Moebio
428 3147 534 3196 missum
556 3147 689 3197 conferens
704 3148 764 3197 vitia
781 3147 904 3210 quaedam
918 3147 1024 3197 Floren-

125 3217 192 3264 tinae
207 3215 325 3264 editionis
342 3214 448 3277 sublata,
462 3230 543 3279 pauca
559 3230 624 3265 nova
639 3217 708 3266 iliata
719 3215 827 3281 cognovi
842 3230 890 3281 ope
909 3223 937 3264 ut
952 3215 1024 3265 vide-

125 3292 166 3333 tur
180 3284 297 3332 editionIs
315 3285 425 3332 Incertae
447 3299 471 3332 a.
494 3286 572 3343 tutan
591 3286 626 3334 ita
642 3301 668 3350 p.
687 3285 751 3348 267,
775 3287 807 3335 et
829 3283 902 3333 habet
916 3282 1021 3346 Scripsit

124 3367 184 3402 ttero
200 3367 235 3399 em
249 3354 339 3409 uariis,·
354 3366 378 3415 p.
397 3351 456 3413 269,
474 3353 506 3402 28
522 3363 606 3414 porta.

159 3421 184 3469 2.
209 3419 307 3469 Veteris
324 3420 440 3469 editionis
456 3420 651 3471 Mediolanensis
672 3423 720 3469 iac.
737 3421 894 3484 Bongarsius
913 3437 937 3470 a.
956 3421 1024 3472 1595

122 3486 272 3537 Gasaubouo
290 3503 360 3552 spem
379 3487 488 3548 iecerat,
506 3490 551 3538 sed
570 3505 619 3538 non
639 3492 764 3538 inventam
780 3490 877 3539 mittere
896 3505 946 3539 uon
967 3501 1012 3554 pot
