2256 3930
216 262 492 310 ourrnurronum
514 263 696 310 arenosum
718 263 922 323 usuroumu.
1011 233 1074 316 317

130 416 228 476 Orare
250 425 279 476 et
300 416 476 495 triumphare
497 417 555 478 hoc
577 417 690 495 differt,
712 417 790 497 quod
810 417 987 497 triumphans
1004 429 1072 497 qua·

76 500 159 579 'rigis
176 499 291 560 vehitur
307 509 336 559 et
358 510 512 561 coronatus
534 502 633 562 laurea
652 519 763 562 corona
785 501 970 580 subsequitur
991 520 1072 580 porn-

76 603 146 651 ›am;
174 585 222 664 qui
237 594 332 644 autem
348 595 432 660 ovat,
455 595 502 644 aut
523 605 612 664 super
628 604 731 666 equum
747 585 883 664 tripudiat
902 595 948 646 aut
970 589 1073 647 mirtea

76 686 178 728 torona
196 670 306 728 cinctus
324 687 458 748 pompam
471 671 632 749 praeeedit.

130 751 237 812 Omnes
268 762 389 812 cunctos
424 761 453 813 et
482 756 653 834 universos]
684 772 785 814 omnes
813 773 933 832 quorum
963 756 1071 814 mentio

78 843 133 904 st;'
151 837 248 896 cuncti
262 837 310 915 qui
325 835 431 915 ubique
447 847 525 907 suut;
543 839 671 898 universi
686 848 828 917 tamquam
841 839 868 896 in
887 857 971 898 unum
983 842 1070 898 versi.

135 919 227 980 Orare
243 929 273 980 et
290 922 418 1000 precari]
436 938 521 982 orare
536 923 640 982 dicitnr
655 925 789 1001 quoniam
810 923 871 981 oris
890 925 966 982 ratio
980 921 1070 998 ducit,

79 1005 157 1082 tqui
178 1013 242 1064 orat
263 1005 348 1066 etiam
366 1015 503 1084 precatur
516 1016 546 1066 ut
563 1005 689 1068 Euocat
705 1024 838 1084 pucem,·
864 1015 893 1066 at
917 1008 965 1085 qui
985 1016 1071 1083 rogat

76 1104 124 1148 on
141 1089 238 1166 utique
258 1097 337 1165 orat,
356 1088 409 1148 sed
424 1089 614 1168 deprecatur,
638 1091 716 1171 quod
733 1091 819 1151 etiam
834 1092 959 1169 imperiti
973 1089 1008 1151 ad
1020 1089 1069 1149 de·

76 1171 243 1232 ›recandum
261 1171 448 1232 descendunt.

126 1255 218 1315 Omne
240 1265 270 1315 et
289 1257 390 1334 totum]
409 1274 494 1316 omne
510 1261 725 1319 universitatem
744 1261 898 1337 significat,
917 1268 1006 1319 totum
1021 1277 1069 1318 so·

76 1339 214 1400 iditutem.
485 1393 487 1396 ,
882 1393 886 1401 ,

127 1423 278 1484 Ostentum
302 1434 460 1484 monstrum
487 1435 516 1484 et
545 1426 720 1505 prodigium]
745 1437 889 1488 ostentum
912 1429 975 1487 sine
1005 1445 1069 1488 cor·

76 1524 138 1569 »ore
162 1507 257 1568 solido
281 1508 363 1568 nobis
386 1527 419 1568 se
441 1508 567 1575 ostendit
586 1520 614 1570 et
635 1511 728 1571 oculis
750 1520 778 1572 et
795 1512 911 1572 auribus
932 1511 1069 1589 obicitur,

76 1601 94 1652 rt
108 1590 234 1651 interdiu
252 1593 403 1670 tenebrae,
424 1601 511 1652 nocte
525 1592 589 1663 iux;
615 1594 779 1673 prodigium
795 1596 872 1675 quod
888 1595 989 1657 solidis
1005 1613 1069 1656 cor·

76 1675 184 1737 »oribus
198 1678 384 1754 conspicitur,
404 1687 434 1736 ot
450 1677 579 1759 incaelo
596 1688 727 1738 cometes
745 1680 894 1741 stella'aut
908 1682 972 1748 iax;
989 1697 1068 1740 mon·

76 1769 153 1820 trum
170 1759 248 1838 quod
267 1760 395 1839 {contra}
418 1770 547 1822 naturam
560 1766 705 1840 cognitam
721 1764 880 1841 egreditur,
896 1774 926 1824 ut
942 1781 1068 1842 serpens

78 1862 128 1904 um
141 1843 273 1924 pedibus,
290 1847 353 1904 avis
371 1863 435 1904 cum
448 1845 511 1905 1111.
530 1845 593 1906 alis.
1073 1853 1075 1859 '

125 1927 292 2006 Properare
311 1937 341 1988 et
363 1929 516 2009 festinare]
534 1941 674 2009 properat
693 1933 740 2010 qui
756 1951 840 1992 unum
857 1929 993 2010 quodque
1009 1949 1066 1990 ma-

76 2031 128 2083 ure
144 2011 293 2089 transigit;
310 2012 429 2073 festinat
445 2017 493 2093 qui
509 2014 592 2073 simul
607 2015 694 2075 multa
712 2017 812 2094 incipit
827 2033 884 2075 nec
900 2015 1023 2093 perficit.

124 2095 264 2157 Polliceri
291 2106 320 2156 et
343 2099 525 2176 promittere}
542 2101 732 2177 promittimus
754 2101 868 2177 rogati,
895 2091 1068 2177 pollicemur

77 2181 149 2242 ltro.
221 2196 222 2199 ’
315 2197 319 2207 ·

84 2260 96 2291 ”
126 2264 260 2328 Pecudes
280 2275 308 2325 et
323 2266 447 2346 pecora]
467 2267 595 2344 pecudes
611 2283 684 2325 oves
702 2277 808 2327 tantum
825 2269 998 2346 accipimus,
1016 2285 1066 2347 pe·

76 2366 132 2410 ora
149 2359 246 2410 autem
260 2351 383 2412 mixtura
401 2353 524 2410 omnium
540 2350 702 2411 animalium
722 2360 777 2410 est.

123 2432 221 2494 Palam
243 2443 272 2494 et
294 2435 404 2513 coram]
429 2433 523 2512 palam
549 2436 672 2494 omnium
695 2438 889 2514 praesentium
912 2445 997 2514 nota,
1017 2453 1066 2496 co-

76 2535 122 2578 am
140 2536 296 2596 personam
311 2522 449 2597 accipere
465 2517 620 2578 desiderat.

125 2600 254 2664 Patrium
269 2611 298 2662 et
317 2602 479 2681 paternum]
500 2604 621 2680 patrium
636 2621 652 2662 a
669 2605 762 2681 patria
777 2607 870 2684 venit,
885 2614 1034 2684 paternum
1051 2623 1068 2664 a

76 2695 156 2746 taire.
706 2742 708 2746 .

123 2768 255 2830 Pomaria
271 2779 299 2829 et
317 2769 446 2848 pometa]
464 2771 591 2848 pomaria
611 2788 680 2829 vasa
696 2770 831 2848 dicimus,
848 2773 923 2831 sicut
938 2770 1065 2839 olearia:
1120 2836 1123 2842 ,

76 2861 181 2913 cometa
198 2854 272 2913 sicut
289 2853 396 2914 oliveta
412 2862 441 2912 et
457 2855 553 2931 ficeta,
568 2853 683 2913 maleta.

123 2936 207 3002 Prior
223 2938 302 2997 venit
325 2947 353 2997 et
374 2945 440 2997 ante
455 2938 547 3016 venit}
572 2939 653 3016 prior
677 2937 712 2996 ad
734 2937 918 3017 dignitatem,
943 2948 1008 3000 autc
1031 2939 1066 2999 ud

76 3039 175 3101 empus
191 3021 325 3081 refertur.

124 3104 248 3165 Primum
276 3113 305 3164 et
334 3105 473 3184 priorem]
507 3106 587 3183 prior
608 3104 729 3165 aiterum
760 3105 925 3183 praeeedit,
957 3106 1065 3186 primus

76 3207 171 3249 mnes.

123 3272 265 3352 Proprius
287 3281 316 3333 et
332 3273 464 3351 propius]
483 3273 620 3352 proprius
640 3272 761 3350 domini,
786 3273 905 3351 propius
923 3281 974 3333 est
994 3273 1062 3336 loci.

124 3356 211 3417 Paret
227 3367 255 3417 et
270 3355 406 3436 apparet]
420 3365 505 3435 paret
519 3358 653 3435 imperio,
671 3364 792 3436 apparet
807 3354 980 3417 videntibus.

123 3440 207 3502 Putat
227 3443 372 3502 existimat
391 3442 524 3519 opinatur
551 3440 705 3502 arbitratur
727 3448 757 3501 et
781 3442 944 3520 suspicatur
963 3441 992 3502 id
1013 3440 1066 3503 dii-

76 3525 129 3606 ert]
150 3534 230 3605 putat
245 3526 293 3606 qui
311 3525 435 3602 dubitat,
455 3525 599 3586 existimat
617 3527 664 3605 qui
682 3543 717 3586 ea
737 3543 812 3605 quae
828 3534 894 3586 acta
916 3535 980 3587 sunt
1001 3543 1065 3604 pere
