2286 3944
111 150 152 211 56
197 161 227 210 c.
243 162 394 210 suuuom
413 163 541 223 nonno.
557 164 605 209 uu
621 164 704 210 vms
720 163 904 212 cuusmecu
919 166 989 213 mc.
1005 166 1044 214 11.

112 316 182 377 ditio
207 333 304 376 coram
328 314 527 394 pugillarium,
552 333 626 394 quos
647 319 725 377 taciti
746 327 775 377 et
795 317 901 377 ibidem
922 322 1017 379 statim
1035 319 1111 396 lege·

111 408 191 467 rent;
218 401 384 477 notavitque
413 398 541 477 aliquos,
567 398 644 478 quod
668 403 807 479 pecunias
833 401 992 461 levioribus
1023 406 1113 463 usuris

65 485 228 545 tomutuati
249 484 387 560 graviore
408 482 534 542 foenore
551 483 757 543 collocassent.
798 484 844 543 Ac
859 487 983 544 comitiis
999 487 1113 545 tribuni·
1142 518 1143 547 ;

112 569 165 628 ciis
180 568 204 625 si
220 567 357 626 deessent
373 565 514 625 candidati
531 576 697 645 senatores,
720 586 758 627 ex
778 568 921 646 equitibus
939 569 974 629 R.
996 573 1113 646 creavit,

111 654 150 712 ita
170 659 200 709 ut
221 659 368 729 potestate
390 658 550 726 transacta,
572 652 600 708 in
623 660 687 710 utro
704 651 814 710 vellent
839 651 940 711 ordine
955 663 1113 713 manerent
1128 673 1136 712 ι

113 734 184 796 Cum
198 739 293 795 autem
308 733 441 812 plerique
458 735 583 811 equitum
603 736 700 794 attrito
722 733 809 793 bellis
832 735 964 795 civilibus
979 741 1113 816 patrimo·

113 821 161 879 nio
179 826 315 896 spectare
329 816 415 877 ludos
436 835 453 875 e
472 817 699 894 quattuordecim
719 835 778 877 non
793 818 931 878 auderent
947 829 1026 879 metu
1046 839 1139 911 poe·

112 921 167 963 nae
187 901 352 978 theatralis,
378 903 572 980 pronuntiavit
591 919 648 960 non
668 903 761 961 teneri
782 920 817 961 ea
824 902 988 981 ,quibus
979 907 1052 983 ipsis
1068 923 1138 984 pa·

112 985 281 1046 rentibusve
301 993 437 1061 equester
454 1002 557 1043 census
573 1003 704 1063 umquam
718 985 830 1045 fuisset.

177 1069 280 1148 Populi
301 1085 454 1127 recensum
476 1069 591 1127 vicatim
610 1071 684 1147 egit,
704 1086 739 1128 ac
759 1087 795 1127 ne
817 1068 902 1148 plebs
918 1071 1113 1131 frumentatio·
1123 1093 1139 1134 ιι

112 1172 179 1214 num
194 1169 280 1212 causa
294 1151 474 1230 frequentius
491 1150 526 1210 ab
546 1154 673 1229 negotiis
689 1161 878 1230 avocaretur,
903 1162 948 1213 ter
969 1157 998 1213 in
1015 1174 1114 1214 annum

113 1247 280 1316 quaternum
295 1252 423 1294 mensum
437 1243 566 1294 tesseras
585 1235 654 1295 dare
675 1237 843 1306 destinavit;
865 1237 918 1296 sed
939 1236 1115 1299 desideranti

114 1318 349 1380 consuetudinem
360 1327 491 1376 veterem
507 1322 653 1379 concessit
665 1338 773 1397 rursus,
790 1329 819 1378 ut
831 1322 874 1379 sui
888 1323 1028 1401 cuiusque
1040 1341 1114 1381 men·

111 1406 152 1464 sis
168 1405 325 1481 acciperet.
366 1400 554 1462 Comitiorum
576 1421 691 1482 quoque
712 1405 890 1482 pristinum
881 1424 924 1463 ms
944 1407 1061 1466 reduxit
1082 1425 1115 1466 ac

111 1485 261 1563 multiplici
276 1502 372 1564 poena
390 1488 522 1546 coercito
544 1487 665 1564 ambitu,
686 1487 822 1547 Fabianis
845 1496 875 1547 et
896 1489 1114 1568 Scaptiensibus
1124 1509 1141 1550 ιι

111 1569 264 1631 tribulibus
284 1571 343 1627 suis
358 1568 404 1629 die
422 1572 618 1647 comitiorum,
639 1571 757 1648 nequid
772 1589 789 1631 a
804 1589 947 1650 quoquam
963 1574 1114 1634 candidato

111 1652 325 1730 desiderarent,
344 1653 459 1729 singula
473 1654 550 1713 milia
565 1673 705 1713 nummum
721 1673 737 1715 a
752 1673 785 1713 se
801 1655 956 1715 dividebat.

173 1737 271 1814 blagni
283 1746 435 1814 praeterea
447 1739 613 1797 existimans
630 1740 774 1797 sincerum
789 1747 874 1816 atque
890 1739 925 1799 ab
942 1742 1018 1800 omni
1027 1741 1114 1799 collu-

110 1821 199 1881 vione
225 1821 375 1899 peregrini
401 1838 436 1880 ac
462 1821 577 1880 servilis
604 1823 752 1898 sanguinis
776 1823 973 1902 incorruptum
995 1842 1114 1883 servare

112 1904 266 1985 populum,
286 1913 315 1964 et
337 1905 481 1965 civitatem
501 1905 658 1965 Romanam
677 1907 846 1983 parcissime
869 1905 947 1966 dedit
971 1917 1000 1966 et
1020 1925 1114 1966 manu·
1124 1924 1141 1961 ι

111 1989 240 2048 mittendi
255 1989 369 2048 modum
383 1990 553 2048 terminavit.
591 1988 710 2049 Tiberio
731 2006 785 2068 pro
809 1989 913 2048 cliente
929 1990 1043 2050 Graeco
1066 2010 1114 2070 pe-

112 2073 184 2133 tenti
209 2073 376 2151 rescripsit,
403 2090 461 2132 non
488 2073 571 2132 aliter
596 2071 794 2150 sedatorum,
823 2075 952 2152 quamsi
974 2093 1114 2152 praesens

112 2155 168 2216 sibi
182 2158 392 2235 persuasisset,
414 2175 497 2234 quam
510 2159 599 2215 iustas
612 2155 730 2235 petendi
750 2175 852 2216 causas
867 2156 1005 2227 baberet;
1027 2168 1057 2218 et
1071 2158 1114 2217 Li·

112 2241 178 2301 viac
200 2259 253 2319 pro
276 2240 399 2318 quodam
423 2240 572 2311 tributario
589 2240 672 2301 Gallo
695 2241 810 2316 roganti
826 2241 970 2301 civitatem
985 2244 1113 2318 negavit,

113 2326 314 2384 immunitatem
332 2323 436 2402 optulit
450 2324 611 2399 affirmans,
633 2323 746 2382 facilius
761 2342 794 2382 se
812 2341 961 2402 passurum
976 2325 1049 2385 lisco
1066 2325 1143 2384 dcc

112 2407 186 2467 naht
204 2407 325 2484 aliquid,
342 2424 424 2483 quam
441 2407 565 2467 civitatis
580 2408 727 2468 Romanae
741 2407 853 2484 vulgari
867 2407 1018 2469 bonorem.
1048 2411 1113 2468 Ser-

112 2506 167 2548 vos
187 2505 246 2547 non
269 2497 420 2548 contentus
439 2489 534 2548 multis
554 2489 769 2551 difficultatibus
788 2510 804 2550 a
824 2490 959 2552 libertate
980 2501 1009 2552 et
1025 2492 1113 2551 multo

113 2569 242 2651 pluribus
257 2591 273 2633 a
288 2571 421 2631 libertate
436 2574 510 2633 iusta
525 2576 701 2651 removisse,
725 2592 788 2634 cum
803 2575 882 2636 etde
900 2594 1018 2636 numero
1035 2585 1064 2635 et
1079 2576 1115 2635 de

113 2653 279 2716 conditione
298 2674 332 2716 ac
348 2654 508 2716 differentia
528 2676 629 2716 eorum
649 2659 697 2737 qui
717 2661 980 2719 manumitterentur
999 2661 1114 2719 curiose

113 2740 253 2816 cavisset,
278 2740 336 2799 boc
358 2757 474 2817 quoque
495 2741 616 2817 adiecit,
642 2761 680 2801 ne
699 2744 811 2802 vinctus
831 2761 962 2822 umquam
983 2752 1143 2803 tortusvea

113 2825 177 2902 quis
192 2823 252 2883 ullo
269 2824 410 2883 libertatis
427 2841 539 2899 genere
555 2826 698 2885 civitatem
714 2824 933 2905 adipisceretur.

175 2907 267 2967 Etiam
289 2905 415 2966 habitum
435 2909 627 2987 vestitumque
653 2911 803 2988 pristinu'm
826 2911 968 2971 reducere
997 2911 1114 2988 studuit,

113 3010 148 3051 ac
163 2993 224 3051 visa
240 2990 382 3070 quondam
397 3008 451 3071 pro
467 2994 602 3052 contione
620 2993 793 3072 pullatorum
806 2995 905 3072 turba,
927 2994 1114 3072 indignabun-

113 3074 165 3133 dus
182 3082 212 3133 et
228 3076 391 3135 clamitans:

175 3156 225 3218 En
245 3159 422 3236 Romanos,
447 3177 549 3219 renum
572 3158 727 3237 dominos,
754 3167 932 3240 pectoraque
958 3163 1142 3240 topctam!³

111 3242 260 3316 negotium
275 3242 415 3302 aedilibus
429 3241 521 3318 dedit,
538 3261 574 3302 ne
590 3262 673 3323 quem
688 3244 810 3322 posthac
823 3253 991 3322 paterentur
1004 3247 1033 3304 in
1048 3246 1114 3306 loro

114 3324 229 3382 circave
246 3327 301 3384 nisi
319 3328 421 3404 positis
435 3327 560 3386 lacernis
576 3336 704 3404 togatum
721 3328 892 3387 consistere.

70 3414 106 3470 41
175 3405 391 3468 Liberalitatem
410 3409 540 3470 omnibus
556 3411 702 3470 ordinibus
715 3429 769 3489 per
789 3411 961 3470 occasiones
977 3411 1114 3490 frequen·
