2286 3944
10 56 15 153 l

211 220 486 269 nnrnnnrrouuu
506 220 686 269 nrnnonun
705 221 904 281 aunrournn.
996 209 1058 270 295

10 334 26 419 ἓ
54 374 139 439 llaec
153 376 308 436 Suetonius
321 375 512 452 Tranquillus.
532 373 792 435 AelinsDonatns
804 376 959 454 principio
979 395 1058 436 com·

10 496 26 549 5
56 459 206 521 muratorii
220 459 252 520 in
270 457 450 519 Terentium.

10 562 28 605 ἰ
126 557 271 636 Turpilius
303 559 429 616 comicus
460 576 552 616 senex
583 558 733 617 admodum
760 561 915 618 Sinuessae
941 561 1060 618 moritur

10 654 23 689 ,r
62 659 92 702 a.
111 651 176 704 651.

10 726 51 913 r
122 739 154 799 L.
176 739 284 799 Accius
305 739 518 816 tragoediarum
537 739 663 816 scriptor
685 740 779 799 clarus
806 741 943 816 babetur,
977 752 1060 801 natus

61 823 193 884 Mancino
209 833 238 883 et
254 825 379 883 Serrano
397 821 562 882 consulibus
584 821 750 900 parentibus
766 824 924 900 libertinis,
951 834 980 884 et
998 827 1061 884 seni

10 452 24 485 s

17 904 34 957 ·.'
61 909 116 968 iam
137 907 263 967 Pacuvio
283 904 399 966 Tarenti
420 925 471 965 sua
494 907 600 983 scripta
624 908 770 975 recitavit;
798 927 814 968 a
838 926 894 986 quo
918 907 1060 968 etiundus

10 1014 20 1067 c
62 991 207 1052 Accianus
225 992 303 1050 iuxta
318 989 465 1049 Pisaurum
479 989 597 1065 dicitur,
616 992 681 1067 quia
696 990 764 1050 illuc
780 1010 818 1050 ex
835 992 907 1051 urbe
923 993 997 1052 inter
1012 1009 1060 1050 co·

10 1074 17 1101 “’
61 1074 147 1135 lonos
162 1075 256 1134 luerat
271 1073 410 1133 deductus
427 1091 456 1133 a.
479 1081 544 1135 616.

10 1114 54 1221 kl·
124 1171 251 1232 Lucilius
266 1181 355 1250 poeta
369 1173 496 1232 nascitur
511 1189 541 1230 a.
568 1179 636 1232 666.
653 1179 718 1231 667.
742 1217 748 1231 .
767 1216 797 1230 ..
819 1171 851 1232 G.
866 1173 992 1232 Lucilius
1016 1193 1060 1234 sa·

10 1248 24 1357 i·
61 1257 178 1316 tirarum
197 1257 324 1354 scpiptor
344 1254 470 1353 Neapoli
491 1256 609 1313 moritur
630 1273 664 1314 ac
685 1253 802 1333 publico
825 1256 926 1315 funere
943 1257 1061 1317 ellel-tur

10 1362 21 1419 ;
62 1356 137 1400 anno
156 1348 259 1399 aetatis
278 1339 497 1416 quadragesimo
514 1347 598 1398 sexto
615 1356 644 1398 c.
663 1347 730 1401 651.
747 1348 814 1399 652.

10 1506 16 1517 ,Ι
127 1436 160 1497 Τ.
180 1437 311 1510 Quintius
331 1437 397 1496 Atta
420 1439 545 1515 scriptor
568 1444 728 1514 togatarum
751 1437 860 1498 Romae
883 1441 1001 1498 moritur
1015 1458 1061 1498 se·

63 1523 218 1600 pultnsque
233 1522 279 1580 via
294 1521 480 1581 Praenestina
494 1521 529 1579 ad
545 1521 693 1580 miliarium
708 1523 863 1582 secundum
881 1541 909 1583 o.
930 1532 998 1584 676.

10 1612 56 1664 ’Ἶῑ
126 1619 157 1679 L.
182 1619 355 1697 Pomponius
376 1619 565 1680 Bononiensis
591 1619 788 1680 Atellanarum
817 1624 942 1700 scriptor
967 1623 1062 1683 clarus

10 1728 12 1737 ·
62 1704 230 1765 babeturu.
254 1712 324 1764 664.

124 1786 161 1846 Μ.
192 1786 344 1846 Terentius
374 1787 467 1847 Varro
498 1787 689 1866 philosophus
721 1797 750 1847 et
781 1799 868 1867 poeta
885 1791 1011 1849 nascitur
1032 1807 1061 1850 a.

65 1879 143 1934 638.
158 1916 165 1929 .
180 1914 188 1929 .
203 1869 242 1929 Μ.
258 1869 410 1930 Terentius
426 1871 518 1930 Varro
536 1870 727 1949 philosophus
748 1890 840 1950 prope
852 1874 1064 1949 nonagenarius

65 1955 186 2015 moritur
201 1972 231 2014 a.
252 1962 418 2015 726-736.
1039 1984 1044 1994 ·

10 2036 57 2101 '²2⁰
129 2036 268 2097 Laberius
287 2039 434 2097 mimorum
451 2039 576 2116 scriptor
597 2038 709 2098 decimo
725 2057 824 2097 mense
845 2048 912 2117 post
937 2036 970 2098 G.
990 2037 1062 2099 an-

10 2124 22 2135 ·
66 2139 160 2182 sarem
179 2121 307 2180 Puteolis
324 2122 443 2181 moritur
459 2140 488 2182 c.
507 2130 570 2181 711.

128 2204 245 2265 Publius
268 2205 482 2284 mimographus
504 2207 618 2266 natione
642 2207 731 2279 Syrus
758 2204 867 2264 Romae
890 2224 1005 2265 scenam
1021 2215 1063 2266 te·

64 2297 157 2349 neta.
178 2295 240 2347 711.

131 2371 168 2430 Μ.
191 2369 294 2430 Furius
328 2381 416 2450 poeta
444 2383 637 2450 cognomento
658 2372 812 2431 Bibaculus
834 2369 995 2433 Cremonae
1016 2391 1064 2433 na·

34 2457 157 2516 ascitur
176 2471 206 2514 u.
228 2463 398 2516 653-655.

129 2537 163 2597 T.
176 2538 326 2599 Lucretius
343 2548 430 2617 poeta
445 2539 582 2614 nascitur,
611 2541 658 2618 qui
680 2548 784 2618 postea
802 2542 941 2600 amatorio
958 2541 1064 2620 poculo

65 2625 94 2682 in
115 2622 243 2682 furorem
263 2640 383 2698 versus,
409 2641 472 2682 cum
493 2623 602 2700 aliquot
622 2624 713 2683 libros
742 2641 795 2701 per
818 2624 969 2684 intervalla
990 2628 1064 2684 insa·

65 2710 132 2766 niae
149 2707 389 2784 conscripsisset,
411 2725 484 2785 quos
498 2717 601 2784 postea
617 2706 721 2766 Cicero
739 2707 918 2784 emendavit,
947 2708 1065 2786 propria

68 2809 101 2851 se
117 2807 200 2849 manu
218 2789 363 2849 interiecit
379 2807 452 2850 anno
468 2791 571 2850 aetatis
587 2792 808 2869 quadragesimo
825 2800 926 2868 quarto
944 2807 973 2850 c.
994 2798 1064 2852 656.

34 2892 57 2934 so
133 2871 302 2934 Cornificius
332 2883 419 2951 poeta
450 2893 465 2933 a
497 2874 632 2934 militibus
664 2875 797 2934 desertus
828 2875 951 2948 interiit,
992 2890 1066 2951 quos

66 2975 157 3034 saepe
181 2957 324 3034 fugientes
348 2958 480 3034 galeatos
502 2957 621 3035 lepores
649 2958 820 3037 appellarat.
865 2956 954 3016 lluius
981 2973 1066 3016 soror

67 3041 238 3116 cornificia,
256 3042 336 3100 cuius
352 3042 472 3118 insignia
490 3051 587 3100 extant
605 3043 809 3120 epigrammata
832 3058 861 3099 c.
882 3048 945 3100 713.
966 3049 1031 3100 714.

129 3123 167 3183 Μ.
184 3123 289 3183 Bauius
310 3134 414 3202 poeta,
437 3144 521 3204 quem
544 3125 682 3203 Virgilius
698 3126 725 3183 in
745 3123 889 3182 Bucolicis
913 3133 1009 3201 notat,
1037 3125 1066 3184 in

67 3206 256 3288 Cappadocia
271 3210 390 3267 moritur
406 3226 435 3267 c.
456 3216 617 3268 719-721.

32 3315 56 3356 so
130 3292 160 3352 P.
182 3289 336 3351 Terentius
356 3291 450 3351 Varro
469 3293 534 3352 vico
556 3292 648 3351 Atace
670 3291 697 3350 in
714 3292 862 3369 provincia
883 3291 1065 3352 Narbonensi

66 3376 213 3448 nascitur,
243 3377 290 3452 qni
318 3384 421 3454 postea
443 3395 544 3436 annum
573 3376 697 3454 quintum
723 3385 752 3434 et
778 3375 951 3436 tricesimum
974 3394 1065 3454 agens

65 3459 194 3521 Graecas
210 3457 321 3518 litteras
340 3477 442 3518 summu
474 3460 559 3518 tmlio
576 3459 675 3519 didicit
691 3477 720 3519 u.
738 3466 807 3520 672.
