2286 3944
77 243 119 303 24
164 250 194 299 c.
211 247 362 298 suturam
381 245 509 304 anana.
526 244 573 290 un
589 244 673 292 vrrs
688 244 872 294 cassanum
887 249 993 294 uren,

77 408 221 466 rationem
244 399 359 460 dicendi
380 408 500 476 tenere,
524 407 553 457 et
574 400 610 458 ad
626 398 792 459 Cornelium
808 400 952 478 Nepotem
972 402 1008 460 de
1030 421 1078 462 eo·

78 490 145 550 dem
165 488 205 546 ita
223 485 354 562 scripsit:
385 480 488 556 Ouid?
515 489 675 543 oratorum
700 501 786 562 quem
814 484 884 544 betia
913 491 1081 562 antepones

79 587 202 644 mmm,
234 566 373 646 pamttt
386 565 474 626 aliud
488 570 637 645 eperunt?
667 568 736 645 qais
749 567 906 626 senterctiis
927 575 982 626 aat
1005 585 1078 626 aaa·

79 657 142 717 tior
160 656 216 711 art
236 649 398 710 crebrior?
427 651 496 729 qais
516 649 621 710 verbis
640 658 694 710 aot
710 652 858 711 ornatior
879 657 932 710 act
957 651 1077 728 elepan-

80 738 165 798 tior?
192 733 288 793 (lenus
307 733 493 812 eloquentiae
517 734 583 793 dum
605 743 682 794 taxat
697 735 870 795 adulescens
892 734 982 794 adbuc
1000 735 1100 793 Stra-s

79 821 166 880 bonis
194 815 331 876 Caesaris
363 826 481 876 secutus
499 818 624 894 videtur,
655 819 733 878 cuius
756 822 842 877 etiarn
870 836 907 876 ex
935 820 1078 893 oratione,

80 919 156 981 quae
174 899 342 959 inscribitur
356 918 416 979 pra
429 900 557 978 Sardis,
585 902 621 962 ad
644 901 761 961 verbum
782 901 916 960 nonnulla
936 901 1081 960 transtulit

80 988 111 1044 ln
129 984 335 1043 divinationem
350 1002 437 1044 suarn.
460 985 662 1046 Pronuntiasse
672 995 767 1044 amem
781 985 885 1044 dicitur
895 1001 972 1042 voce
985 993 1078 1060 acuta,

82 1066 196 1127 ardenti
219 1077 296 1127 motu
316 1078 475 1148 gestuque,
496 1085 554 1128 non
575 1071 636 1129 sine
658 1077 818 1128 venustate.
855 1066 1007 1127 Orationes
1028 1068 1078 1127 ali-

83 1169 154 1229 quas
176 1150 307 1229 reliquit,
335 1154 410 1211 inter
436 1170 505 1230 quas
534 1161 642 1212 temere
670 1152 808 1230 quaedam
837 1152 977 1211 feruntur.
1015 1150 1078 1210 Pro
1090 1165 1114 1207 m

83 1232 197 1307 Quinta
220 1233 339 1296 dictatio
358 1252 416 1296 non
433 1237 578 1295 immerito
594 1235 746 1312 Augustus
767 1237 912 1294 existimat
933 1238 1025 1311 magis
1042 1235 1078 1294 ab

82 1320 209 1378 actuaris
225 1328 377 1398 exceptam
388 1319 464 1379 male
481 1318 722 1398 subsequentibus
735 1319 825 1379 verba
844 1319 976 1394 dicentis,
995 1336 1078 1397 quarn

82 1401 117 1461 ab
134 1403 200 1480 ipso
215 1403 332 1471 edituum
356 1420 418 1462 nam
440 1405 468 1461 in
484 1402 650 1480 quibusdam
673 1402 888 1481 exemplaribus
903 1405 1018 1460 inuenio
1042 1421 1078 1459 ne

81 1486 248 1564 inscriptam
263 1485 448 1564 quidempro
464 1485 601 1561 Metello,
629 1486 682 1545 sed
696 1502 789 1565 qaam
801 1486 929 1563 scripsit
944 1484 1076 1560 Metella,

82 1586 145 1628 oum
173 1587 211 1628 ex
236 1586 363 1648 persona
390 1566 526 1630 Caesaris
554 1584 651 1628 sermo
679 1571 716 1628 sit
740 1569 888 1630 Metellum
915 1569 1111 1647 sequenda

79 1670 182 1712 versus
214 1655 401 1712 communium
432 1653 658 1713 obtrectatorum
677 1655 894 1712 criminationes
915 1655 1076 1731 purgantis.

78 1733 175 1815 Apud
187 1736 299 1798 milites
315 1752 430 1815 qnoque
440 1737 479 1796 im
492 1735 649 1814 Hispania
663 1736 739 1796 idem
755 1737 903 1813 Augustus
919 1738 969 1794 vix
986 1738 1077 1814 ipsius

80 1828 174 1899 putat,
196 1839 269 1900 quae
292 1829 387 1880 tamen
410 1819 518 1898 duplex
532 1821 643 1880 iertur:
671 1835 727 1880 una
750 1821 831 1898 quasi
858 1822 957 1897 priore
981 1819 1078 1878 habita

78 1903 211 1983 praelio,
236 1903 328 1964 altera
355 1905 540 1982 posteriore,
562 1920 620 1982 quo
647 1903 764 1962 Asinius
785 1903 882 1963 Pollio
905 1921 942 1961 ne
965 1912 1077 1981 tempus

78 1984 194 2065 quidem
221 1986 405 2047 contionandi
424 1986 560 2047 babuisse
584 2004 648 2046 eum
677 1986 747 2046 dicit
774 1985 869 2046 subita
889 1986 1014 2045 hostium
1035 1989 1075 2044 in·
1086 2003 1111 2041 ao

37 2071 229 2134 ticursione.
264 2071 393 2149 Reliquit
420 2079 563 2130 et-rerum
587 2086 701 2130 suarmn
727 2072 950 2130 commentarios
975 2070 1077 2130 Gallici

80 2152 234 2232 civilisque
255 2153 326 2214 belli
348 2154 525 2234 Pompeiani.
560 2152 633 2214 Nam
654 2154 842 2214 Alexandrini
871 2153 1022 2232 ultricique
1049 2162 1078 2211 et

78 2230 280 2315 Hispaniensis
300 2240 429 2298 incertus
449 2248 635 2300 auctorest:
667 2238 715 2298 alii
738 2236 863 2317 Oppium
889 2246 1006 2316 putant,
1029 2236 1077 2296 alii

78 2319 200 2380 llirtium
223 2323 271 2399 qui
287 2324 379 2382 etiam
399 2321 502 2383 Gallici
524 2323 592 2382 belli
607 2324 799 2381 ·navissimum
821 2321 1077 2398 imperfectumque

79 2402 184 2463 librum
213 2404 402 2484 suppleverit.
441 2404 487 2465 De
511 2408 721 2466 commentariis
749 2405 882 2464 Caesaris
913 2402 1019 2463 Cicero
1048 2406 1112 2461 inm

80 2487 186 2547 eodem
200 2486 290 2547 Bruto
309 2490 354 2548 sic
368 2488 475 2549 relert:
493 2487 741 2550 Commentarios
754 2487 882 2566 scripsit
896 2487 992 2546 valde
1010 2488 1076 2565 qai-

80 2571 148 2630 dem
165 2569 365 2649 probandos:
395 2571 473 2630 audi
496 2578 585 2648 stat,
611 2571 693 2631 reati
705 2578 742 2632 at
760 2570 895 2644 ocmrsti,
922 2571 1004 2630 omni
1025 2588 1075 2628 or-

79 2662 155 2715 natu
175 2653 327 2715 arumnis
341 2659 501 2733 ¹tamquam
517 2662 603 2716 mesto
622 2654 786 2724 detractor
811 2654 870 2714 sed
889 2652 961 2713 dum
981 2653 1078 2713 aalait

80 2737 163 2798 atim
176 2737 291 2799 babere
308 2745 443 2817 parata,
471 2734 720 2800 andemrmerent
737 2739 790 2817 qui
809 2739 922 2800 callent
939 2737 1079 2799 scribere

78 2820 258 2896 historiam,
292 2822 544 2902 ineptis-protam
566 2823 707 2902 'fortasse
731 2821 810 2900 tecit
829 2821 882 2902 qai
901 2822 957 2882 ilia
973 2823 1113 2885 colerico

79 2905 271 2966 calamistris
290 2907 430 2983 inurere,
447 2924 550 2967 sanas
569 2907 690 2986 quidem
715 2906 852 2968 borsines
873 2923 894 2964 a
914 2905 1078 2966 scribendo

79 2987 239 3050 deterruit.
283 2989 328 3050 lte
353 2989 445 3050 isdem
473 2992 686 3051 commentariis
712 2991 822 3052 lllrtius
850 2993 889 3050 ita
915 2990 1077 3068 praedicat:

77 3066 167 3132 Adeo
180 3072 355 3149 probamen
368 3075 500 3135 amabam
513 3075 644 3150 iudicia,
663 3081 891 3154 capreosam,
909 3088 1076 3150 nauprae-

78 3149 144 3213 bita
169 3155 311 3232 sacratas
342 3158 553 3237 scriptoribus
573 3159 729 3219 rideatur.
767 3158 870 3220 3ilarius
898 3164 1004 3217 tamen
1031 3156 1079 3214 rei

76 3237 181 3297 maior
194 3248 306 3301 nostra
318 3243 608 3323 qaamreiiqamam
622 3250 669 3304 eet
682 3243 864 3312 admiratam·
881 3241 976 3302 ceteri
988 3239 1075 3315 enim,
1086 3264 1111 3304 ss

77 3320 260 3396 quambene
273 3332 367 3404 atqae
383 3327 557 3404 armante,
585 3343 644 3388 mos
665 3327 770 3403 etiam,
801 3340 893 3406 qaam
909 3323 1006 3402 facile
1029 3329 1075 3382 at-

77 3418 136 3479 que
161 3405 303 3465 celeriter
333 3426 389 3469 eos
413 3411 650 3489 perscripserit,
677 3411 800 3472 sciram.
834 3409 929 3470 Pollio
960 3407 1077 3466 Asinius

76 3502 177 3563 parum
192 3487 350 3566 diligenter
367 3508 527 3573 parumque
552 3496 666 3571 integra
686 3496 808 3554 veritate
824 3493 1009 3572 'compositos
1024 3508 1075 3570 pu·
