2286 3944
26 232 63 292 18
285 238 315 286 c.
338 236 503 285 sunnomr
522 236 739 297 domomum

1 396 111 476 pendit,
128 396 261 472 opinatur
278 394 325 470 qui
342 392 471 470 opinioni
487 400 534 450 aut
553 409 622 451 suae
640 400 688 450 aut
704 391 826 452 alterius
843 392 935 468 credit,
947 410 975 450 ar·

1 479 123 539 bitratur
138 479 185 557 qui
203 476 306 535 dubiae
322 477 364 534 rei
376 475 467 552 finem
481 475 624 553 imponit,
646 475 830 552 suspicatur
845 476 1021 556 quitata-13„

2 563 43 625 tis
63 563 110 622 rei
131 561 274 640 prospicit
291 560 421 618 formam.

64 657 224 718 Prohibere
249 664 278 716 et
296 655 438 732 inhibere]
456 652 614 732 prohibere
636 662 682 714 est
703 671 793 732 porro
815 656 934 732 habere,
952 657 979 714 in·
1008 682 1021 722 s:

4 742 106 804 hibere
127 749 230 801 nautae
249 740 277 798 in
293 758 345 799 usu
360 738 480 805 habent;
505 746 533 796 et
554 736 630 816 quod
651 737 842 817 prohibemus
864 742 935 815 inre,
953 740 980 797 in·

5 827 159 888 hibernus
152 825 284 902 imperio.
1010 832 1022 888 i

70 907 278 970 Plenitudinem
294 915 322 966 et
335 906 512 985 plenitatem]
531 904 678 984 plenitudo
697 896 855 984 corporum
870 915 921 981 est,
937 904 983 982 ple·
1005 909 1007 916 ‘

6 997 81 1054 nitas
95 1011 210 1060 rerum;
232 992 270 1052 ita
293 990 498 1069 plenitudinem
519 989 674 1049 obesorum
692 1006 865 1069 corporum,
886 989 985 1070 plenita·
1013 1015 1022 1053 2

5 1087 64 1138 tem
81 1074 272 1154 quarumlibet
287 1075 406 1134 dicimus
420 1091 525 1133 rerum.
1018 1084 1022 1134 g

69 1160 186 1219 Proceri
209 1168 238 1218 et
259 1158 421 1236 deprecari]
447 1174 598 1236 precamur
617 1155 717 1232 deum,
743 1156 931 1236 deprecamur
947 1155 987 1214 luo·
1021 1181 1023 1208 :

6 1260 107 1305 munes.

69 1340 191 1414 Regium
207 1345 235 1395 et
250 1335 392 1415 regalem]
406 1339 506 1414 regius
518 1356 590 1416 puer
600 1345 645 1396 est
656 1338 748 1414 regis,
763 1337 875 1414 regalis
890 1355 940 1396 rex
953 1337 992 1412 qui

6 1424 84 1501 regit
101 1438 231 1497 regnum.

68 1504 211 1564 Relictum
226 1512 255 1562 et
269 1503 415 1564 desertum
429 1504 487 1564 hoc
496 1504 600 1580 differt,
609 1503 881 1582 quodrelinquimur
889 1511 993 1583 sponte,

6 1589 163 1650 deserimur
178 1587 267 1663 inviti.
1001 1600 1022 1644 u

65 1671 207 1749 Reliquos
223 1680 252 1731 et
265 1671 393 1749 ceteros]
403 1671 656 1749 reliquosdieimus
672 1671 793 1730 relictos
809 1689 847 1731 ex
863 1671 994 1746 omnihus,

8 1765 123 1817 ceteros
139 1772 211 1834 quos
229 1757 398 1833 excipimus.

67 1840 219 1900 Redibium
238 1857 290 1916 per
305 1837 323 1898 b
339 1847 368 1898 et
382 1838 520 1898 redivium
536 1856 619 1917 perv
634 1837 769 1916 litteram]
779 1837 996 1918 redibiumqnod
1016 1856 1024 1867 ⁴

7 1925 135 1985 nascitur
150 1923 242 1983 semel
259 1925 287 1982 in
304 1939 394 1998 anne,
417 1922 556 1981 reditium
572 1922 649 2001 quod
665 1939 756 2001 saepe
774 1924 943 1982 revivescit.

68 2010 182 2085 Regum
200 2017 229 2067 et
243 2006 354 2085 pyram]
372 2023 443 2084 pyra
459 2007 626 2082 sacrificiis,
644 2023 735 2082 rogus
749 2003 904 2066 defunctis.

72 2107 283 2184 Sempiternum
312 2115 340 2164 et
377 2105 558 2183 perpetuum}
584 2103 716 2182 Nigidius
738 2105 765 2162 in
796 2104 872 2164 libro
902 2114 997 2184 quarto
1023 2107 1025 2123 ¹

8 2194 61 2252 ait:
93 2189 308 2267 sempiternum
333 2188 540 2248 inmortalium
569 2207 688 2261 rerum,
718 2195 900 2264 perpetuum
923 2206 997 2248 mor·

8 2275 115 2336 talium
130 2279 195 2342 esl,·
218 2271 412 2350 perpetuitas
432 2272 508 2331 enim
530 2271 562 2331 io
577 2279 687 2332 mostra
708 2278 825 2331 nutura
845 2279 903 2348 est,
923 2288 998 2352 quoe

5 2357 129 2436 perpeti
146 2356 321 2415 occidentia
342 2362 460 2433 potest,
487 2355 715 2434 sempiternitas
736 2354 856 2432 infinita
882 2363 942 2432 est,
964 2372 996 2415 eo

8 2440 91 2520 quod
104 2457 234 2516 semper.
1004 2459 1026 2502 e-

71 2522 206 2582 Sedulum
222 2531 250 2581 et
268 2522 385 2599 serium]
402 2522 519 2582 sedulus
533 2525 596 2582 sine
613 2522 680 2582 dolo
696 2529 782 2581 estet
798 2530 940 2598 strenuus,
955 2540 996 2581 se

6 2610 65 2668 rius
81 2607 162 2685 quasi
181 2623 301 2664 severus
316 2613 345 2662 et
360 2623 462 2682 asper;
485 2607 577 2666 serias
593 2608 676 2667 etiam
690 2605 781 2665 dietas
796 2623 845 2665 res
867 2624 884 2666 a
900 2605 996 2665 burbu-

7 2694 46 2752 ris
68 2692 115 2770 qui
131 2691 219 2748 Seres
235 2688 427 2766 appellantur,
445 2690 595 2767 asperrimi
614 2699 642 2749 et
657 2690 827 2749 austerrimi.

69 2788 248 2848 Sceleratum
264 2785 444 2845 scelerosum
460 2796 490 2845 et
505 2786 660 2847 scelestum
676 2786 704 2846 id
719 2785 825 2864 differt]
839 2783 996 2845 sceleratus

8 2880 53 2934 est
76 2890 127 2932 suo
150 2871 246 2947 aliquo
272 2871 386 2929 scelere
412 2873 617 2930 contaminatus
635 2871 682 2929 vel
705 2869 799 2948 aliqua
823 2871 1024 2946 contagione!⁵

9 2956 135 3035 pollutus
159 2965 187 3014 et
206 2954 332 3023 infamis;
355 2955 503 3014 scelestus
523 2963 617 3013 autem
640 2953 781 3013 scelerum
807 2953 951 3030 cogitator
972 2961 998 3010 et

8 3042 183 3106 conmissor;
213 3039 378 3099 scelerosus
406 3056 494 3114 vero,
520 3040 601 3115 quasi
630 3036 784 3096 insidiosus
806 3038 996 3114 periculosus,

7 3133 127 3202 propter
142 3121 336 3182 assiduitatem
353 3122 504 3181 scelerum.

70 3207 163 3265 Silere
179 3215 208 3264 et
223 3207 334 3284 tacere]
354 3207 401 3284 qui
422 3206 488 3264 silet
504 3204 606 3264 desinit
630 3204 726 3281 loqui,
749 3211 826 3263 tacet
842 3212 938 3263 autem
953 3203 997 3280 qui

5 3291 128 3349 nondum
146 3291 253 3367 coepit.

65 3386 221 3465 consequi,
245 3408 292 3449 ass
296 3391 372 3464 nui,
397 3389 519 3466 insequi]
544 3388 747 3485 eopsequimur
756 3388 990 3467 praecedentem

6 3488 119 3536 asseilll'
114 3471 212 3523 'flmllt‘
200 3472 282 3514 evoti
330 3472 483 3517 'nstrr‘m'r
519 3470 570 3515 'nni
