2286 3944
503 227 730 279 nonarumque.
1053 220 1114 280 247

108 403 175 447 non
190 383 331 446 absimilis
345 384 482 460 magistro
498 382 658 459 videbatur,
674 381 793 453 occidit;
818 384 885 443 item
900 384 1115 461 Hermogenem

111 469 294 531 Tarsensem
312 476 434 546 propter
451 465 587 545 quasdam
607 468 636 525 in
656 465 777 526 historia
791 467 915 545 figuras,
937 468 1053 527 libraris
1074 478 1115 530 et-

110 555 187 630 iam,
216 555 263 630 qui
285 569 348 611 eam
374 551 605 628 descripserant,
629 551 706 610 cruci
728 551 802 610 lixis.
847 551 960 611 Patrem
979 552 1114 630 familias,

112 635 196 717 quod
210 635 352 697 'l'brecem
371 634 544 708 myrmilloni
566 651 680 712 parem,
698 637 859 695 munerario
878 636 1014 713 imparem
1035 636 1114 696 dixe·

98 728 169 798 .rat,
184 719 344 780 detractum
360 717 538 797 spectaculis
554 719 582 776 in
597 717 749 795 harenam,
767 717 885 777 canibus
902 719 1028 795 obiecit,
1051 738 1115 780 cum

111 803 174 865 boc
188 802 289 864 titulo:
304 800 402 880 Impia
417 802 538 862 locutus
549 802 776 879 parocutarios.

180 885 357 965 Complures
374 894 535 961 senatores,
552 888 580 944 in
592 886 626 944 iis
639 885 749 964 aliquot
764 886 942 962 consulares,
956 887 1113 960 interemit;

113 989 153 1031 cx
170 970 274 1049 quibus
292 969 419 1030 civicam
436 967 587 1030 Cerealem
599 970 627 1027 in
639 972 704 1047 ipso
716 969 805 1029 Asiae
820 970 1036 1048 proconsulatu,
1052 973 1114 1033 Sal·

113 1054 259 1115 vidiennm
276 1053 403 1130 Orfitum,
419 1052 542 1112 Acilium
559 1051 743 1113 Glabrionem
758 1054 786 1111 in
803 1053 908 1129 exilio,
930 1056 1011 1132 quasi
1032 1055 1114 1116 moli·

98 1147 197 1200 ‚tores
212 1156 308 1198 rerum
323 1154 473 1206 novarum;
492 1145 607 1197 ceteros
621 1136 767 1196 levissima
788 1155 930 1215 quemque
953 1138 988 1197 de
1012 1156 1112 1200 causa:

112 1221 232 1300 Aelium
246 1221 369 1282 Lamiam
388 1221 424 1280 ob
440 1221 621 1299 suspiciosos
638 1220 768 1298 quidem,
789 1239 888 1280 verum
905 1230 933 1279 et
950 1231 1067 1282 veteres
1085 1231 1114 1283 et

112 1307 251 1366 innoxios
266 1307 362 1382 iocos,
386 1304 464 1383 quod
482 1314 550 1383 post
567 1303 718 1364 abductam
733 1322 853 1365 uxorem
868 1305 993 1365 laudanti
1008 1324 1113 1366 vocem

113 1409 195 1450 suam
211 1397 359 1449 eutaeto
376 1388 502 1464 dixerat,
519 1388 655 1467 qnodque
671 1389 734 1448 Tito
751 1388 876 1454 hortanti
891 1409 924 1449 se
942 1390 977 1449 ad
992 1390 1113 1450 alterum

112 1475 322 1534 matrimonium
354 1473 563 1550 responderat:
593 1461 653 1551 Me}
675 1465 730 1532 xci
752 1461 796 1532 σύ
816 1470 961 1553 γαμῆσαι
984 1469 1112 1550 dedam

98 1558 244 1618 ssalrium
266 1554 474 1633 Cocceianum,
501 1556 577 1633 quod
600 1555 720 1614 Othonis
740 1557 923 1635 imperatoris
949 1560 1043 1638 patrui
1070 1561 1113 1618 sui

114 1642 192 1702 diem
207 1640 331 1700 natalem
348 1639 563 1708 celebraverat;
580 1639 708 1700 Mettium
723 1640 953 1719 Pompusianum,
972 1643 1050 1720 quod
1063 1643 1112 1702 ha·

113 1725 187 1785 bere
208 1724 420 1802 imperatoriam
441 1723 571 1801 genesim
588 1723 677 1800 vulgo
701 1723 862 1802 ferebatur,
885 1734 913 1785 et
934 1726 1011 1804 quod
1032 1726 1112 1804 depi-

114 1819 193 1869 ctum
209 1807 310 1867 orbem
325 1815 420 1868 terrae
436 1809 465 1866 in
480 1807 644 1866 membrana
661 1809 870 1886 contionesque
891 1827 992 1886 regum
1014 1828 1048 1869 ac
1064 1809 1112 1868 du·

114 1911 180 1954 cum
196 1909 234 1951 ex
249 1891 314 1951 Tito
328 1890 409 1951 Livio
426 1891 640 1967 circumferret,
661 1891 794 1970 quodque
811 1894 904 1952 servis
926 1894 1038 1951 nomina
1053 1892 1112 1952 bla-

98 1976 201 2055 tgonis
218 1984 247 2035 et
258 1973 424 2036 Hannibalis
436 1974 600 2044 indidisset;
618 1974 782 2035 Sallustium
792 1975 939 2034 Lucullum
951 1975 1113 2034 britanniae

112 2061 252 2137 legatum,
269 2058 346 2138 quod
362 2059 479 2119 lanceas
495 2076 589 2118 novae
600 2059 712 2119 formae
724 2059 868 2136 appellari
877 2059 1031 2136 Luculleas
1047 2076 1112 2136 pas-

113 2161 165 2205 sus
181 2151 274 2212 esset;
292 2142 400 2202 lunium
419 2141 576 2218 Rusticum,
597 2142 674 2220 quod
689 2143 770 2202 Paeti
786 2140 933 2201 Thraseae
956 2151 985 2200 et
998 2141 1113 2202 Helvidi

113 2227 209 2288 Prisci
225 2225 325 2286 laudes
338 2225 476 2286 edidisset
488 2224 727 2304 appellassetque
740 2243 792 2285 eos
804 2225 1003 2284 sanctissimos
1016 2227 1111 2296 viros;

114 2311 198 2371 cuius
219 2311 343 2369 criminis
367 2311 524 2370 occasione
549 2309 742 2387 philosophos
766 2310 857 2369 omnis
879 2309 951 2368 urbe
972 2309 1112 2387 Italiaque

98 2395 277 2457 rsnmmovit.
311 2392 423 2454 Occidit
438 2402 466 2453 et
480 2393 643 2453 Helvidium
659 2393 759 2470 filium,
785 2394 867 2472 quasi
884 2396 1022 2454 scaenico
1041 2411 1112 2454 eno·

112 2479 161 2539 dio
185 2478 237 2537 sub
263 2495 389 2556 persona
411 2477 520 2537 Paridis
549 2487 577 2537 et
598 2477 733 2537 Oenones
761 2477 912 2537 divortium
939 2497 1019 2538 suum
1048 2497 1113 2539 cum

112 2580 208 2623 uxore
223 2569 366 2632 taxasset;
380 2561 509 2622 Flavium
523 2560 656 2621 Sabinum
669 2561 789 2622 alterum
802 2581 819 2621 c
830 2563 1018 2640 patruelibus,
1034 2561 1113 2642 quod

114 2665 181 2706 eum
198 2645 377 2705 comitiorum
394 2645 585 2705 consularium
604 2645 648 2704 dic
665 2644 833 2706 destinatum
856 2665 1009 2725 perperam
1028 2664 1112 2724 prae·

114 2747 153 2792 co
168 2747 226 2789 non
241 2730 389 2789 consulem
401 2729 436 2790 ad
448 2729 593 2808 populum,
608 2729 660 2789 sed
672 2730 876 2808 imperatorem
888 2730 1112 2808 pronuntiasset.

98 2830 104 2870 r
179 2815 287 2872 Verum
316 2813 462 2892 aliquanto
490 2823 556 2892 post
587 2813 679 2873 civilis
712 2813 782 2873 belli
810 2815 961 2873 victoriam
987 2814 1112 2889 saevior,

116 2898 276 2980 plerosque
299 2899 387 2976 partis
409 2897 568 2972 adversae,
592 2896 656 2956 dum
679 2899 764 2959 etiam
782 2897 897 2956 latentis
916 2895 1052 2956 conscios
1071 2897 1112 2954 in·

114 2982 257 3057 vestigat,
283 2998 360 3040 novo
387 2983 564 3060 quaestionis
588 2999 700 3057 genere
728 2981 874 3056 distorsit,
904 2979 1030 3038 immisso
1059 2997 1113 3058 per

114 3065 265 3126 obscaena
281 3066 365 3142 igne;
382 3065 526 3125 nonnullis
543 3073 572 3124 et
585 3082 684 3124 manus
700 3066 865 3142 amputavit.
895 3063 1029 3140 Satisque
1043 3080 1112 3122 con-

114 3158 190 3224 stat,
215 3148 287 3207 duos
309 3149 389 3209 solos
411 3167 428 3208 e
448 3148 608 3208 notioribus
624 3148 709 3207 venia
733 3147 870 3222 donatos,
892 3145 1034 3205 tribunum
1049 3145 1112 3206 lati·

98 3233 242 3294 solarium
259 3241 288 3291 et
304 3233 512 3309 centurionem,
529 3233 637 3310 quise,
654 3247 710 3309 quo
726 3230 841 3291 facilius
857 3237 995 3309 expertes
1008 3229 1112 3308 culpae

112 3315 321 3393 ostenderent,
346 3317 508 3397 impudicos
530 3310 725 3395 probaverant
748 3322 777 3373 et
799 3313 837 3372 ob
858 3312 887 3372 id
914 3329 1009 3391 neque
1035 3312 1112 3393 apud

111 3401 219 3462 ducem
235 3418 329 3478 neque
346 3400 421 3480 apud
436 3401 541 3460 milites
556 3399 641 3458 ullius
659 3397 794 3457 momenti
811 3416 878 3457 esse
897 3398 1037 3478 potuisse.

177 3483 248 3544 Erat
263 3493 357 3544 autem
372 3503 430 3545 non
449 3485 542 3545 solum
561 3500 701 3560 magnae,
720 3481 772 3542 sed
790 3481 874 3542 etiam
886 3480 1008 3543 callidae
1019 3481 1099 3542 mom
1122 3492 1131 3520 Ἰ
