2286 3944
51 224 113 286 266
303 230 539 280 csusronrus
556 230 802 290 rnuuournuus

51 388 261 464 inscribuntur,
292 403 469 464 componere
487 386 622 462 instituit,
641 384 830 465 absolvitque
848 386 872 447 G
890 396 922 448 et
941 387 980 464 L,
1002 405 1010 466 q

54 475 107 534 bus
124 481 154 531 et
177 471 251 530 alios
271 468 380 528 diversi
404 471 504 548 operis
520 477 621 548 postea
643 469 759 528 addidit.
796 469 883 530 Fecit
905 479 936 530 et
959 489 1010 531 nor

54 575 147 635 genus
158 563 321 630 togatarum
332 554 536 632 inscripsitque
551 551 754 613 trabeatus.

12 643 47 697 m
118 639 156 699 Μ.
173 638 348 715 Pomponius
368 635 541 712 Marcellus,
564 638 705 695 sermonis
721 636 812 696 Latini
835 646 960 697 exactor
974 654 1010 695 mu

56 724 213 798 stissimus,
236 722 264 779 in
289 719 479 781 advocatione
501 719 621 797 quadam
642 721 722 798 (nam
742 719 886 779 interdum
907 730 938 780 et
963 738 1010 779 cau

57 806 179 884 agebat)
202 804 406 864 soloecismum
430 802 466 862 ab
488 803 656 864 adversario
676 804 781 863 lactum
807 821 902 881 usque
925 803 997 863 adeo

57 908 149 969 guero
177 890 394 967 perseveravit,
422 887 517 966 quoad
541 885 659 946 Cassius
689 887 837 962 Severus,
867 884 1010 966 interpell:

57 973 213 1048 iudicibus,
236 971 401 1032 dilationem
415 973 513 1048 petiit,
536 979 567 1030 ut
587 970 714 1046 litigator
735 988 803 1030 suus
818 971 905 1030 alium
922 989 1010 1047 gramr

57 1060 144 1117 ticum
166 1054 331 1123 adhiberem
354 1053 555 1134 quandonam
575 1059 668 1132 putat
683 1053 712 1113 is
727 1071 795 1114 cam
814 1054 1003 1114 adversario

57 1138 217 1213 inmaidi,
233 1138 291 1198 scd
304 1138 343 1197 de
357 1138 538 1199 soloecismo
553 1138 796 1198 controversiam
813 1137 968 1216 futuram.
1005 1136 1010 1195 l

58 1224 151 1300 idem,
178 1241 240 1281 cum
262 1225 443 1281 exoratione
460 1222 604 1281 Tiberium
624 1221 877 1299 reprehendisset,
903 1223 1010 1282 allirma

58 1308 146 1367 Ateio
167 1305 324 1383 Capitone,
352 1316 380 1363 et
396 1324 463 1364 esse
479 1305 550 1365 illud
569 1305 714 1381 Latinum,
739 1306 810 1365 etsi
831 1323 890 1366 uon
910 1315 1003 1380 esset,

59 1401 150 1450 turum
163 1398 242 1447 certe
255 1391 309 1446 iam
320 1388 401 1448 inde:
418 1388 563 1449 Mentitur
574 1390 664 1467 inquit
677 1386 789 1467 Capito
797 1413 812 1460 ,·
824 1394 857 1450 ta
874 1389 965 1465 eninr,
983 1387 1010 1448 Cr

62 1490 130 1547 rar,
159 1471 313 1531 civitatem
332 1471 411 1532 dare
427 1479 520 1550 pater
545 1471 732 1549 bominibus,
755 1471 853 1534 verba
880 1491 945 1533 aaa
962 1479 1010 1551 pat

58 1554 189 1632 Pugilem
204 1554 272 1614 olim
287 1556 393 1633 luisse,
410 1556 528 1616 Asinius
543 1555 641 1616 Gallus
656 1556 713 1616 hoc
727 1558 756 1615 in
770 1575 834 1616 eum
854 1557 1008 1635 epigramm

60 1637 200 1699 ostendit:

186 1725 240 1794 Qut
255 1733 362 1798 caput
375 1729 421 1782 ad
431 1728 538 1785 levam
554 1728 657 1797 didicit,
673 1728 834 1799 qlossemata
848 1729 926 1786 nobis

252 1810 406 1882 Praecipit:
421 1827 452 1866 os
466 1813 580 1882 nullum,
596 1813 640 1867 oet
647 1813 739 1882 potius
748 1813 869 1884 pupilr’st

18 1901 53 1953 23
123 1891 158 1965 Q.
170 1891 315 1950 Remmius
327 1889 497 1968 Palaemon,
509 1892 680 1967 vicetinus,
695 1891 821 1950 mulieris
832 1910 942 1967 verna,
963 1893 1010 1969 prir

62 1985 91 2035 ut
105 1975 217 2052 lerunt,
239 1976 408 2049 textrinum,
427 1975 529 2034 deinde
544 1974 666 2034 herilem
682 1974 768 2033 tilium
787 1974 852 2034 dum
870 1977 1010 2034 comitatur

61 2059 207 2136 scholam,
230 2058 340 2119 litteras
364 2057 470 2118 didicit.
505 2059 611 2119 Postea
631 2059 819 2120 manumissus
842 2059 943 2118 docuit
957 2060 1010 2118 Ron

62 2162 98 2204 ac
112 2145 274 2222 principem
287 2143 382 2202 locum
396 2143 470 2201 inter
485 2144 688 2219 grammaticos
711 2139 816 2218 tenuit,
840 2160 1002 2221 quanquam

61 2227 145 2287 famis
167 2227 297 2287 omnibus
319 2227 410 2303 vitiis,
438 2225 589 2304 palamque
613 2235 642 2285 et
661 2225 777 2285 Tiberio
802 2235 831 2284 et
853 2243 922 2285 mox
947 2225 1010 2286 Clau

63 2310 310 2388 praedicantibus,
338 2309 452 2368 memini
470 2310 571 2369 micus
589 2309 806 2370 iustitutionem
822 2327 995 2387 puerorum

61 2395 202 2453 iaacmam
216 2392 468 2455 committendam.
498 2392 557 2452 Sed
574 2392 709 2472 capiebat
724 2392 856 2452 homines
877 2411 943 2452 oum
961 2410 1010 2452 mer

60 2479 103 2536 ria
120 2494 230 2552 rerum,
252 2485 311 2535 tum
326 2476 466 2536 facilitate
485 2477 645 2546 sermonis;
666 2494 722 2535 nec
745 2495 801 2535 nou
823 2478 909 2535 etiam
934 2494 1010 2554 poen

62 2558 189 2619 iaciebat
214 2577 252 2619 cx
271 2569 414 2637 tempore.
448 2561 573 2638 Scripsit
596 2577 667 2619 vero
687 2561 793 2636 variis,
815 2577 872 2618 uec
895 2561 1010 2637 vulgari

65 2645 172 2702 metris.
206 2642 383 2718 Arrogantia
406 2643 459 2703 luit
474 2652 568 2720 tauta,
589 2653 619 2702 ut
632 2643 670 2704 Μ.
688 2645 849 2704 Varronem
868 2661 999 2720 porcam

67 2727 203 2806 pellaret;
219 2744 321 2786 secam
337 2732 366 2786 et
378 2733 473 2788 natas
491 2733 520 2787 ct
533 2727 702 2787 morituras
720 2727 841 2787 litteras
855 2728 993 2795 iactarem
1009 2759 1010 2763 =

62 2828 128 2870 men
139 2829 226 2870 stram
235 2809 267 2869 in
277 2808 433 2871 Bucolicis
444 2830 506 2872 mon
516 2817 627 2871 temere
632 2811 779 2889 positam,
790 2810 848 2869 sed
853 2827 1010 2890 praesaqo

67 2893 210 2973 Virqilio,
230 2893 302 2971 fare
317 2895 501 2974 quandoque
515 2895 647 2956 amnium
657 2901 822 2972 poetaram
838 2911 878 2954 ac
891 2911 1010 2972 poemat

62 2978 276 3039 Palaemonem
287 2978 426 3040 iadicem.
455 2978 637 3039 Gloriabatur
648 2980 746 3055 etiarn,
759 2978 899 3039 latrones
911 2977 1010 3057 quoad

62 3061 124 3122 sibi
141 3069 271 3140 propter
291 3062 424 3123 mominis
447 3061 654 3124 celebritatem
666 3062 820 3140 parsisse.
860 3062 1003 3122 Luxuriae

61 3145 193 3222 indulsit,
216 3155 245 3205 ut
261 3148 376 3226 saepius
392 3150 420 3206 ln
437 3143 487 3207 die
502 3147 631 3223 lavaret,
651 3165 706 3206 neo
722 3147 870 3206 sufficeret
894 3145 1010 3225 sumptil

63 3247 224 3307 quanquam
250 3249 288 3289 ex
309 3230 410 3291 schola
433 3230 628 3309 quadringena
657 3248 748 3289 annua
777 3238 915 3306 caperet,
945 3248 982 3289 ac

61 3311 150 3371 multo
166 3316 256 3373 minus
272 3333 309 3374 ex
330 3333 362 3373 re
380 3315 510 3375 familiari
517 3337 523 3383 ;
548 3315 629 3374 cuius
652 3313 888 3391 diligentissimus
905 3323 984 3390 erat,
1006 3334 1010 3368 r

64 3402 92 3452 et
108 3395 241 3455 cilicinas
263 3398 476 3475 promentem
528 3399 620 3456 utinm
638 3405 811 3468 everreret,
833 3406 863 3455 et
885 3414 976 3472 agros
996 3415 1010 3455 a

81 3476 168 3534 olen
229 3489 245 3516 ‚r
291 3481 304 3520 '-
331 3515 346 3524 ..
393 3515 455 3524 ....„.
586 3482 677 3524 nnita..
720 3481 774 3524 miii
814 3487 920 3538 »nunciet
943 3478 1010 3540 CC(
