2256 3930
216 276 493 326 nnennnrnonnu
513 276 696 326 uranonun
717 277 919 337 numenius.
1006 265 1067 331 ata

126 432 284 507 Simulare,
299 431 492 510 dissimulare]
505 431 752 511 simulamusquae
766 432 922 509 nescimus,
936 433 1067 496 dissimu-

76 535 158 578 amus
174 533 247 596 qnae
262 517 378 575 scimus.

128 600 281 660 Servitium
297 608 326 658 et
337 599 517 678 servitutem]
530 600 656 659 servitus
668 609 713 660 est
728 602 892 662 necessitas
907 604 1066 682 serviendi,

76 686 215 745 ervitium
231 683 417 744 servientium
434 701 579 743 numerus.

129 768 249 828 Sensum
265 776 294 826 et
308 767 497 846 intellectum]
510 784 613 827 sensus
628 767 767 827 naturalis
782 777 841 844 est,
855 769 1022 830 intellectus
1038 773 1067 830 in

76 851 154 912 ebus
171 850 314 912 obscuris.

126 936 302 1013 Sanguinem
326 952 459 995 cruorem
475 945 504 996 et
519 937 626 997 saniem
652 934 709 995 lroc
731 935 838 1014 didert]
861 939 981 1013 sanguis
996 937 1066 998 dici·

76 1039 109 1080 ur
130 1021 283 1079 cumintra
302 1036 410 1098 corpus
425 1028 489 1096 est,
520 1038 555 1080 eo
571 1021 648 1099 qnod
663 1037 718 1079 nos
738 1021 864 1096 sanciat,
887 1020 915 1080 id
937 1031 982 1080 est
997 1039 1066 1081 con·

76 1105 169 1173 ineat;
188 1120 274 1163 cruor
299 1121 362 1164 oum
381 1103 521 1180 funditur,
539 1103 631 1164 dictus
647 1103 683 1162 ab
702 1121 738 1163 eo
757 1103 835 1182 quod
852 1120 906 1164 nos
928 1120 1066 1167 corruere

76 1196 169 1264 ›ogat3
186 1188 282 1248 sanies
297 1204 383 1247 cruor
399 1187 538 1266 putridus.

130 1271 234 1331 Scelus
260 1280 288 1330 et
309 1271 435 1349 lacinus]
456 1271 554 1330 scelus
577 1273 685 1330 crimen
707 1280 768 1346 est,
794 1271 906 1331 lacinus
929 1276 1014 1333 etiam
1038 1275 1066 1334 in

76 1354 152 1418 uude
168 1357 291 1434 ponitur.

128 1439 229 1500 Solum
247 1441 360 1499 unicum
381 1440 540 1500 solitarium
567 1449 596 1500 et
618 1442 715 1519 unum]
737 1442 819 1502 solus
843 1460 860 1503 a
884 1444 990 1503 ceteris
1019 1461 1065 1502 re·

76 1527 165 1599 ictus,
189 1541 259 1583 unns
275 1523 382 1584 initium
399 1524 560 1601 multorum,
583 1525 730 1585 solitarius
745 1528 808 1586 sine
829 1528 947 1604 ceteris,
964 1528 1065 1587 unicus

76 1608 113 1687 [ui
128 1615 252 1687 propter
266 1609 392 1686 inopiam
406 1608 528 1668 aliorum
542 1608 571 1668 id
585 1609 679 1686 ipsum
695 1619 739 1669 est
755 1609 833 1688 quod
849 1611 940 1671 solus.

128 1691 340 1751 Soloecismum
363 1701 391 1751 et
406 1690 626 1771 barbarismum]
651 1693 845 1754 soloecismus
864 1696 892 1754 in
914 1713 1001 1755 sensu
1023 1695 1064 1771 lit,

76 1773 257 1836 »arbarismus
272 1777 300 1834 in
317 1792 402 1835 voce.

129 1858 226 1936 Super
247 1868 275 1919 et
301 1860 401 1938 supra]
421 1877 509 1936 super
538 1862 673 1940 superior
700 1863 853 1939 inferiore,
877 1880 966 1940 snpra
987 1860 1064 1940 quod

78 1941 238 2002 nhstratum
254 1937 362 2022 aliquid
377 1942 464 2003 hahet
479 1952 526 2002 aut
540 1944 618 2021 quod
634 1964 721 2023 supra
738 1946 805 2024 quid
820 1947 955 2005 imminet.

129 2026 218 2086 Simul
234 2034 263 2085 et
285 2027 391 2105 simitu]
416 2026 497 2087 simul
518 2046 574 2087 una
595 2030 760 2106 pariterque
783 2048 833 2089 res
854 2029 1002 2104 declarat,
1035 2037 1064 2088 ut

78 2109 147 2170 imul
163 2111 285 2188 legimus
299 2111 347 2171 vel
365 2112 532 2181 scribimus;
555 2113 647 2172 simitu
668 2112 726 2172 loci
748 2114 853 2193 recipit
874 2113 1063 2190 significatio·

76 2212 139 2268 iem,
151 2203 294 2273 tamquam
309 2195 392 2255 simul
409 2197 457 2255 itu.

124 2279 248 2339 Saevum
264 2289 294 2339 et
316 2279 480 2358 crudelem]
502 2297 606 2339 saevus
621 2280 699 2339 circa
715 2280 841 2342 verbera
856 2290 917 2357 est,
937 2279 1063 2340 crudelis

76 2371 236 2423 nonstratur
252 2365 401 2440 sanguine.

126 2447 177 2506 Sic
192 2456 220 2506 et
240 2448 290 2526 ita]
311 2449 354 2507 sic
368 2449 416 2526 qui
429 2448 497 2507 dicit
513 2448 639 2507 ostendit
660 2447 840 2527 exemplum,
861 2450 899 2509 ita
919 2447 954 2508 ad
975 2449 1062 2507 ratio·

76 2547 126 2589 ern
140 2531 275 2590 refertur.

127 2614 237 2674 stillam
255 2625 283 2674 et
300 2617 420 2693 guttam]
435 2624 516 2692 gutta
531 2617 662 2676 imbrium
680 2626 734 2692 est,
753 2618 830 2678 stilla
846 2618 904 2677 olei
916 2615 963 2675 vel
977 2615 1062 2674 aceti.

122 2697 286 2758 Terminum
301 2708 330 2758 et
347 2700 443 2777 finem]
460 2703 597 2759 terminus
613 2701 726 2760 nonnisi
746 2720 829 2760 manu
848 2703 982 2780 ponitur,
998 2699 1062 2757 linis

77 2783 204 2841 ermonis
218 2783 266 2842 vel
282 2782 436 2861 voluptatis
452 2792 499 2844 aut
515 2784 634 2844 alicuius
647 2787 690 2844 rei
707 2785 839 2860 intellegi
855 2791 962 2863 potest.

123 2865 220 2943 Terga
249 2876 278 2926 et
298 2868 427 2945 tergora]
452 2877 536 2944 terga
558 2867 715 2944 hominum,
738 2877 858 2944 tergora
884 2863 1059 2933 animalium;

79 2957 89 3008 t
106 2951 271 3010 innumero
288 2951 425 3026 singulari
441 2960 554 3028 tergum
571 2951 692 3012 hominis
708 2951 828 3010 dicimus
845 2959 873 3009 et
886 2959 987 3024 tergus
1002 2948 1059 3007 ani·

76 3032 152 3092 ralis.

125 3116 195 3176 Tum
213 3126 241 3176 et
251 3118 329 3195 tuno]
343 3126 400 3177 tum
417 3118 526 3178 ordinis
541 3118 634 3179 isabel
645 3118 898 3194 significationem,
911 3125 978 3176 tunc
991 3122 1059 3174 tem·

76 3217 152 3261 oris.

124 3283 238 3344 Tenere
254 3294 283 3344 et
301 3304 415 3345 sumere
428 3295 456 3345 et
473 3285 620 3364 accipere]
641 3293 771 3342 tenemus
791 3301 865 3361 quae
884 3291 949 3343 sunt
965 3283 994 3342 in
1009 3299 1060 3340 no·

76 3376 120 3427 tra
140 3376 300 3446 potestate,
323 3371 457 3429 sumimus
475 3371 588 3447 posita,
611 3368 770 3445 accipimus
788 3367 853 3427 data
877 3367 926 3426 vel
947 3366 982 3427 ab
1001 3365 1059 3427 alio

77 3460 199 3528 coepta;
215 3452 263 3512 vel
279 3462 409 3512 tenemus
425 3463 453 3512 et
469 3454 605 3512 sumimus
620 3471 636 3512 a
652 3451 746 3527 nobis,
765 3452 923 3529 accipimus
940 3449 975 3511 ab
993 3450 1059 3510 alio.

122 3535 247 3596 Tardum
274 3539 387 3615 pigrum
416 3539 535 3595 inertem
560 3546 589 3596 et
613 3536 745 3616 segnem]
767 3536 866 3596 tardus
888 3536 991 3596 dicitur
1013 3531 1060 3610 qui
