2286 3944
161 135 220 196 sto
433 142 463 190 c.
486 138 650 190 suuuoun
668 137 887 197 sedunorum

223 301 333 375 Status,
357 295 491 372 statutus]
515 301 635 353 statutus
656 300 702 350 est
723 291 904 369 collocatus,
934 301 1028 352 status
1051 292 1139 354 habitu

161 383 272 442 stantis.

222 464 351 542 decidit,
374 462 511 540 contigit,
528 461 640 537 evenit,
663 458 772 538 incidit]
789 458 895 518 accidit
910 477 1006 536 grave
1023 468 1054 518 et
1067 463 1139 519 triste

163 550 283 626 contigit
298 546 375 625 quod
391 548 510 624 petitum
525 553 554 603 et
569 542 674 603 honum
689 551 748 619 est,
770 543 852 620 quasi
868 543 1039 620 contiguum
1063 542 1139 603 labor

162 643 241 702 ecto;
266 632 363 691 evenit
379 629 456 708 quod
471 629 552 707 quasi
568 626 758 703 extremuit,
781 627 810 685 id
825 635 870 685 est
885 626 964 706 quod
979 645 1038 686 nec
1055 629 1139 704 cogita

161 719 253 775 vimus
269 733 325 774 nec
340 713 491 793 petivimus
513 729 568 770 nec
583 711 745 779 timuimusz,
760 709 859 769 incidit
874 711 970 788 quiin
986 729 1048 769 rem
1067 713 1139 790 iuspc

162 808 251 860 ratam
269 796 382 859 cecidit.

129 927 139 948 s
221 883 279 962 Ad]
293 895 500 957 nonnumquam
510 877 577 937 loco
597 878 739 950 convenit,
754 893 967 954 nonnumquam
984 895 1133 954 personae.

221 966 300 1025 luter
315 963 390 1043 apud
408 971 436 1021 et
451 960 554 1040 penes]
575 959 650 1038 apud
665 977 819 1037 personam
833 959 981 1036 siguificat
996 961 1012 1002 *
1029 961 1046 1003 *

550 1059 566 1098 s
650 1057 666 1097 e
750 1057 766 1097 s

224 1141 418 1204 innocentem
439 1150 467 1202 et
491 1136 664 1224 innocuam]
681 1140 826 1201 innocens
849 1141 1018 1201 sanctitate
1042 1159 1139 1202 moran

161 1227 359 1304 intellegitur,
379 1227 519 1285 innocuus
534 1225 582 1302 qui
596 1223 754 1284 nonhabet
768 1225 826 1283 vim
839 1224 978 1284 nocendi.

222 1327 237 1365 *
261 1323 384 1383 nimbum
401 1331 429 1382 et
451 1322 588 1401 pluviam]
605 1323 653 1363 **
676 1321 772 1402 pluvia
787 1331 833 1381 est
852 1339 936 1401 quam
954 1325 983 1382 vi
1007 1333 1139 1383 ventoruu

159 1418 252 1466 nunes
273 1406 395 1485 pluvere
417 1414 572 1482 coguntur,
597 1405 625 1465 id
641 1415 685 1465 est
700 1406 783 1484 pulsu
804 1405 933 1467 violento
956 1409 1138 1486 exprimuuts

158 1490 280 1548 nubibus
296 1489 388 1557 venti;
404 1489 514 1549 nimbus
532 1489 672 1548 interdum
689 1490 809 1567 erumpit
823 1499 852 1548 ut
867 1489 994 1566 aliquam
1008 1491 1080 1551 caeli
1089 1509 1136 1570 par·

158 1581 215 1633 tem
230 1573 368 1632 minorem
385 1581 526 1650 occupet,
548 1574 685 1632 maiorem
702 1591 832 1646 serenam
849 1573 1004 1651 relinquat.

222 1655 297 1716 lrum
311 1663 339 1715 et
353 1656 540 1735 iracundiam]
562 1657 604 1715 ira
620 1675 756 1717 excausa
769 1658 906 1732 nascitur,
930 1657 1077 1717 iracundia
1089 1674 1135 1737 per·

158 1749 274 1818 potuum
287 1741 383 1798 uitium
397 1741 499 1798 mentis
516 1748 545 1798 et
560 1742 688 1817 pectoris
703 1749 757 1799 est.

220 1822 369 1883 Iuventam
389 1824 565 1882 iuventutem
589 1832 617 1882 et
638 1823 830 1902 iuventutem}
858 1825 994 1885 iuventus
1019 1833 1063 1884 est
1084 1821 1135 1882 mul·

158 1906 248 1967 titudo
270 1908 419 1984 iuvenum,
441 1905 560 1966 Iuventa
576 1905 629 1967 dea
650 1907 799 1966 iuvenibus
814 1908 1002 1986 praesidens,
1024 1910 1139 1968 iuventus

159 1993 222 2070 ipsa
240 1999 330 2050 aetas.
953 1999 955 2002 ’

223 2075 375 2134 immolare
394 2083 423 2133 et
444 2073 581 2152 mactare]
601 2074 740 2134 immolari
755 2074 857 2134 dicitur
872 2074 984 2153 hostie,
1002 2094 1065 2136 curn
1079 2072 1138 2134 molt

159 2159 235 2218 salsa
252 2160 279 2216 iu
296 2167 382 2236 caput
398 2157 510 2217 adiecta
527 2165 585 2225 est;
608 2167 759 2218 mactatum
779 2167 873 2218 autem
889 2160 972 2237 quasi
995 2162 1087 2238 magis
1104 2174 1138 2217 au·

160 2251 249 2318 ctum,
271 2241 299 2300 id
315 2249 360 2300 est
379 2241 552 2318 ampliatum.

216 2339 276 2398 lter
293 2348 321 2397 et
336 2339 432 2418 itiner]
449 2341 504 2399 iter
519 2357 575 2418 quo
591 2339 658 2417 quid
675 2341 783 2417 agitur,
805 2341 889 2400 itiner
903 2343 950 2400 via
966 2341 1078 2402 dicitur.

217 2435 330 2494 Initium
347 2444 375 2495 et
389 2438 560 2514 principium
576 2436 633 2496 hoc
644 2437 750 2514 differt]
767 2439 937 2517 principium
951 2439 1040 2499 totius
1057 2437 1139 2518 operit

157 2518 362 2597 cuiuscumque
371 2515 397 2595 *,
418 2521 499 2596 quasi
523 2521 641 2599 primum
657 2523 757 2599 operis
780 2531 879 2599 caput;
894 2523 1004 2582 initium
1019 2523 1138 2601 frequen·

155 2602 211 2661 tius
224 2602 434 2679 intellegimus,
451 2611 480 2661 et
495 2604 583 2662 toties
599 2605 754 2683 accipimus
770 2606 883 2682 quoties
898 2622 1025 2684 persona
1042 2616 1138 2666 autres

155 2695 291 2762 mutatur,
322 2687 403 2764 quasi
421 2687 506 2745 initus
527 2688 556 2745 in
572 2687 690 2749 alteram
712 2706 789 2755 rem;
813 2698 841 2748 et
858 2690 1030 2767 principium
1053 2686 1138 2761 semel,

154 2771 262 2828 initium
278 2771 409 2847 saepius;
427 2770 599 2848 principium
616 2781 646 2832 ut
656 2769 755 2832 Arana
766 2772 925 2851 oircmpae
939 2791 1032 2850 cano,
1048 2775 1139 2833 initium

155 2851 247 2913 dinsa
260 2853 334 2913 milti
352 2870 469 2913 causas
485 2871 629 2916 memora.
659 2856 843 2916 inveniuntur
857 2865 950 2916 tamen
967 2858 1065 2934 initia,
1081 2870 1139 2936 quaa

154 2945 255 2997 natura
272 2940 314 2996 sui
332 2946 431 2998 carent
448 2946 477 2997 et
493 2941 620 3016 speciem
638 2941 772 3019 principii
794 2939 917 3016 habent,
940 2950 970 3000 ut
986 2939 1029 3001 Ar
1045 2940 1139 3020 rapiat

152 3021 247 3098 pravi
271 3020 470 3082 iamdudum
494 3022 603 3084 sacci»
651 3042 710 3068 awa
748 3033 768 3072 =t
797 3021 850 3084 ¹iic
873 3021 962 3101 fatam
983 3024 1139 3085 lacrimam

155 3103 311 3183 classique
325 3104 456 3167 immittit
470 3105 602 3167 totm-

214 3201 339 3272 lnvium,
357 3203 484 3268 devium.
504 3207 586 3265 avim·
638 3247 654 3264 ,.
696 3235 770 3272 ψη
787 3206 892 3263 muium
904 3204 965 3264 sine
982 3207 1046 3285 via,
1062 3205 1139 3266 aviuut

153 3283 304 3344 flexuosus
364 3287 456 3336 tenura
498 3289 648 3332 euru-«l
775 3289 892 3344 ‚suanm
908 3306 961 3367 per
983 3289 1060 3368 quod
1078 3304 1139 3349 con·

152 3376 262 3420 menius·
