2286 3944
7 111 46 172 64
236 117 265 167 c.
282 114 473 165 sunuoums
488 112 739 173 ununqumnus

49 273 196 349 Lenaeus,
218 272 316 349 Magni
331 271 452 349 Pompei
473 268 594 328 libertus
615 276 644 327 et
661 285 740 346 pene
761 267 890 327 omniurn
908 284 982 345 erpe
1035 293 1037 331 ι

6 360 124 418 itionum
141 371 255 431 comcs,
279 355 416 413 defuncto
436 369 473 413 eo
491 351 616 430 filiisque
634 352 697 410 eius
713 351 821 411 schola
836 369 871 410 se
887 359 983 410 susten
1036 399 1037 405 ,

0 443 70 509 v:uit;
87 439 242 517 docuitque
260 440 288 497 in
305 437 417 497 Carinis
437 435 474 497 ad
489 435 631 512 Telluris,
651 437 753 513 inqua
772 436 902 512 regione
916 433 984 495 Pom
1035 444 1037 499 t

9 527 120 585 eiornm
135 521 237 582 domus
252 523 362 598 iuerat,
386 539 422 581 ac
437 528 516 580 tanto
536 535 635 579 amore
656 536 729 595 erga
751 520 871 596 patroni
891 535 984 577 memo·
1035 528 1037 583 ξ

1 612 58 669 iam
74 607 184 684 extitit,
200 615 231 665 nt
246 606 411 666 Sallustium
426 604 610 680 historicum,
632 601 710 680 quod
725 620 792 661 eum
809 603 879 662 oris
891 600 1004 680 probus

0 692 92 753 nimo
113 689 320 750 inverecundo
342 688 526 767 scripsisset,
556 685 744 746 acerbissima
766 694 868 760 satyra
887 685 985 745 lacera·

0 777 79 851 erit,
96 774 269 834 lustaus-um
284 778 314 833 et
330 773 486 834 brunonem
500 776 530 831 et
551 769 732 830 nebulonem
748 769 987 848 popinonemque

10 858 158 940 ppellans,
176 864 206 918 et
220 858 287 918 oita
301 856 486 935 scriptisque
507 861 727 930 monstrosum,
744 859 918 932 praeterea
930 853 984 930 pri·

0 960 114 1005 corum
128 939 316 1020 Catonisque
329 939 493 1001 verborum
506 937 779 999 ineruditissimum
789 935 904 1014 furum.
929 935 985 995 Tra·
1035 946 1037 1000 ὲ

0 1030 67 1086 ‚itur
84 1034 178 1085 autem
196 1043 269 1104 puer
286 1023 379 1084 adhuc
397 1023 520 1083 Athenis
540 1030 706 1100 surreptus,
728 1021 879 1098 refugisse
899 1023 927 1080 in
945 1037 986 1098 pa·
993 1034 1012 1074 ιι

1 1153 3 1166 .
20 1111 90 1186 iam,
107 1110 315 1187 perceptisque
330 1106 498 1167 liberalibus
514 1105 689 1185 disciplinis,
714 1106 840 1184 pretium
856 1122 937 1167 sunm
949 1121 987 1162 re·
1035 1122 1037 1136 ⁴

1 1194 108 1267 ulisse,
135 1209 234 1250 verum
257 1190 294 1251 ob
318 1192 465 1267 ingenium
487 1199 573 1268 atque
596 1189 755 1249 doctrinam
780 1189 875 1266 gratis
899 1205 986 1248 mann·
1036 1215 1037 1219 ,

21 1294 107 1335 ussus.

58 1359 93 1432 Q.
107 1356 253 1416 Caecilius
264 1356 402 1435 Epirota,
423 1357 540 1418 Tusculi
552 1365 652 1434 uatus,
675 1355 797 1416 libertus
809 1354 902 1434 Attici
919 1355 988 1433 equi·

1 1444 30 1501 ’is
52 1441 190 1517 Romani,
213 1439 248 1500 ad
271 1459 356 1519 quem
377 1450 443 1501 sunt
463 1440 615 1502 Ciceronis
638 1439 800 1520 epistolae,
826 1458 892 1500 cum
914 1439 1015 1500 filiauli

2 1526 107 1584 =atroni
125 1532 242 1603 nuptam
259 1524 297 1584 ll.
315 1524 467 1604 Agrippae
483 1525 619 1601 doceret,
644 1531 798 1604 suspectus
814 1525 843 1583 iu
860 1542 897 1584 ea
912 1532 941 1583 et
959 1520 990 1583 oli

0 1624 51 1667 ιοο
81 1616 225 1684 remotus,
257 1608 293 1668 ad
318 1609 484 1669 Cornelium
510 1609 621 1670 Gallum
649 1627 682 1667 se
718 1607 840 1667 contulit
870 1609 992 1685 vixitque

1 1709 49 1751 »na
66 1690 307 1770 familiarissime,
330 1681 408 1772 quod
427 1695 484 1772 ipsi
500 1693 583 1754 Gallo
599 1695 673 1752 inter
693 1692 866 1769 gravissima
884 1692 993 1751 crimina

0 1775 30 1834 :b
43 1774 175 1852 Augusto
195 1775 339 1836 obiicitur.
375 1777 446 1837 Post
466 1777 569 1836 deiude
590 1775 800 1837 damnationem
820 1784 994 1853 mortemque

22 1858 70 1919 alli
83 1858 214 1920 scholam
226 1863 353 1939 aperuit,
367 1861 419 1920 sed
429 1862 467 1922 ita
481 1871 511 1920 ut
525 1862 626 1939 paucis
643 1869 672 1920 et
686 1868 792 1920 tantum
807 1858 1020 1920 adulescenti-u

4 1962 51 2002 rus
63 1945 265 2022 praeciperet,
281 1953 465 2024 praetextato
482 1946 604 2021 nemini,
619 1945 672 2004 nisi
688 1945 713 2003 si
729 1945 809 2003 cuius
822 1945 936 2022 parenti
946 1942 997 2002 hoc

3 2027 125 2087 silicium
136 2046 246 2106 negare
258 2046 315 2088 non
330 2039 442 2109 posset.
470 2029 579 2089 Primus
590 2028 692 2088 dicitur
704 2027 803 2088 Latine
818 2045 857 2086 ex
869 2035 997 2105 tempore
1035 2044 1037 2049 ·

3 2111 176 2189 deputasse,
199 2115 365 2192 primusque
377 2114 532 2191 Virgilium
548 2121 577 2172 et
593 2111 668 2172 alios
689 2119 792 2191 poetas
808 2127 905 2170 novos
922 2127 996 2190 prae·
1033 2056 1037 2177 Ι

10 2212 101 2271 egere
117 2197 270 2274 coepisse,
286 2197 364 2276 quod
379 2199 463 2257 etiam
474 2197 589 2257 Domitii
604 2196 692 2257 llarsi
705 2195 870 2255 versiculus
882 2195 998 2256 indicat:
1034 2202 1037 2269 ξ

210 2286 343 2355 Epirota,
360 2287 518 2341 tenellorum
536 2286 674 2341 nutricula
687 2288 789 2341 comm.
1005 2276 1037 2334 ul

59 2364 97 2423 Μ.
121 2365 241 2423 Verrius
264 2364 388 2424 Flaccus
418 2365 567 2424 libertinus
591 2363 713 2424 docendi
743 2381 855 2440 genere
881 2366 1000 2423 maxime

16 2447 109 2506 laruit.
143 2444 275 2523 Namque
291 2447 326 2506 ad
344 2448 529 2508 exercitanda
544 2448 714 2509 discentium
733 2448 851 2524 ingenia
866 2447 1000 2525 aequales

7 2539 72 2590 nter
93 2546 125 2587 se
147 2530 327 2589 committere
354 2531 484 2608 solebat,
512 2533 664 2612 proposita
686 2548 745 2590 non
771 2529 865 2590 solum
885 2532 1002 2590 materia

4 2631 82 2673 ruam
97 2611 275 2688 scriberent,
290 2613 341 2674 sed
355 2623 384 2674 et
396 2616 525 2693 praemio
541 2615 619 2695 qnod
631 2616 724 2675 uictor
736 2613 875 2674 auferret.
898 2613 932 2673 ld
944 2621 1002 2673 erat

10 2697 73 2756 lber
88 2697 191 2775 aliquis
208 2697 356 2776 antiquus,
373 2698 495 2777 pulcher
510 2709 558 2759 aut
571 2700 674 2760 rarior.
706 2699 804 2774 Quare
818 2697 854 2757 ab
870 2696 1030 2774 Augustos

5 2799 113 2859 suoque
129 2779 284 2860 nepotibus
300 2784 361 2841 eius
375 2792 552 2861 praeceptor
563 2783 691 2858 electus,
703 2781 814 2842 transiit
825 2781 854 2839 in
866 2781 1003 2842 Palatium

17 2883 62 2923 um
78 2873 139 2924 tota
152 2865 273 2953 schola,
295 2885 395 2926 uerum
418 2876 448 2926 ut
470 2885 613 2945 nequem
636 2866 757 2945 amplius
780 2863 905 2943 posthac
921 2864 1003 2924 ‹lisci-

5 2949 95 3007 ιιιΙιιιιι
113 2950 274 3027 reciperet;
296 2950 451 3029 docuitque
473 2951 501 3009 in
525 2953 598 3011 atrio
615 2949 764 3011 Catulinae
787 2948 905 3025 domus,
933 2965 1004 3026 qnae

5 3050 66 3091 «ars
83 3032 184 3092 Palatii
200 3042 268 3093 tunc
286 3044 365 3111 erat,
382 3044 411 3094 et
429 3043 551 3094 centena
566 3036 703 3094 sestertia
719 3035 747 3092 in
763 3050 864 3092 annum
881 3033 1005 3110 accepit.

0 3116 134 3174 lacessit
156 3119 258 3178 aetatis
283 3127 404 3178 exactae
426 3118 478 3177 sub
494 3117 622 3178 Tiberio.
661 3118 788 3177 Statuam
808 3115 897 3175 luabet
917 3116 1034 3175 Prae-³⁵

18 3207 95 3274 oste,
117 3201 146 3257 in
167 3204 319 3278 superiore
338 3203 394 3263 lori
410 3211 488 3281 parte
512 3204 588 3262 ”i‘ra
607 3201 823 3276 hemicyclium,
846 3201 874 3257 in
891 3217 949 3277 quo
966 3199 1006 3259 la·

2 3289 139 3340 tosase
157 3284 296 3344 ordinau-
328 3295 344 3328 n
374 3304 516 3332 nermo-¹⁰·
585 3286 648 3343 -mq
666 3282 965 3362 incisospublicarat.

61 3362 258 3425 Lfflunuulqj...
304 3403 312 3430 t
453 3403 469 3416 ,,
624 3367 714 3412 ml‘u'«
742 3367 1008 3444 ilueptirpj’cogno.
