2256 3930
157 707 228 781 AD
248 705 530 785 LEOTOREM
551 707 857 786 PRAEFATIO.

440 897 586 907 ——ae—

132 989 306 1071 Suetoniana
318 1013 426 1085 studia,
442 1015 675 1088 splendidissimis
692 1016 759 1074 olim
772 1017 958 1074 eonrmendata

52 1098 211 1154 nominibus
224 1097 354 1153 Politiani
368 1097 475 1155 Erasmi
490 1099 593 1172 lipsii,
608 1101 709 1157 deinde
722 1099 880 1157 Gasauboni
891 1098 960 1158 Gro-

52 1182 199 1237 noviorum
222 1181 309 1252 patris
337 1186 366 1236 et
385 1182 434 1238 lllii
458 1181 570 1239 Graevii
594 1185 740 1241 Burmanni
768 1181 960 1256 Oudendorpii

51 1264 165 1320 Ernesti
186 1264 329 1320 laboribus
348 1265 510 1336 nobilitata,
530 1273 627 1323 nostro
647 1269 761 1324 saeeulo
777 1267 858 1322 valde
874 1265 960 1322 refri-

52 1364 174 1419 geseere
196 1353 358 1420 eoeperunt.
404 1347 531 1421 Numqui
548 1351 683 1422 proximis
699 1350 870 1423 temporibus
887 1348 959 1405 Sue-

53 1432 132 1488 lonio
153 1431 262 1486 edendo
283 1447 390 1487 manum
412 1433 608 1508 admoverunt,
632 1435 789 1490 scholarum
807 1431 958 1488 commodis

54 1515 203 1570 oonsulere
230 1515 300 1570 satis
324 1515 480 1571 babuerunt
507 1522 534 1570 et
554 1517 616 1588 ipso
636 1518 795 1592 Friderieus
814 1515 958 1588 Augustus

53 1598 150 1667 Wolf,
176 1597 300 1670 quamuis
325 1598 432 1653 eritiois
457 1599 592 1655 subsidiis
621 1616 676 1656 non
699 1601 881 1669 deficeretur,
907 1598 959 1653 do-

55 1687 161 1737 etorum
186 1681 325 1736 hominum
347 1683 551 1752 exspectationi
570 1683 658 1756 impar
678 1684 755 1740 visus
778 1689 830 1738 est.
874 1682 958 1738 Prae-

54 1771 132 1819 terea
154 1765 277 1820 nonnulli
296 1765 330 1819 de
345 1765 399 1819 lide
414 1773 505 1820 re'rurn
528 1783 543 1820 a
560 1766 720 1838 Tranquillo
738 1765 958 1838 conscriptarum

55 1847 188 1903 laudabili
204 1847 296 1902 studio
313 1855 517 1918 exposuerunt;
531 1849 566 1904 de
582 1849 676 1905 uerbis
688 1849 867 1905 emendandis
879 1847 958 1904 libri-

57 1947 109 2002 que
125 1929 221 2002 speeie
235 1930 365 1985 universa
382 1931 414 1984 ad
435 1932 580 2002 pristinam
595 1932 784 2003 integritatem
799 1930 958 1988 reuocanda
1062 1992 1065 1999 ¹

55 2013 145 2068 omnia
163 2018 224 2068 aeta
239 2029 303 2067 esse
318 2012 380 2068 risa
395 2019 467 2067 sunt.
501 2012 596 2085 Neque
611 2015 640 2070 id
656 2010 771 2086 prorsus
788 2014 877 2078 lalso;
898 2029 959 2069 nam

56 2098 88 2151 ab
107 2095 232 2165 egregiis
253 2095 310 2150 illis
327 2095 482 2150 editoribus
506 2102 560 2151 tam
583 2097 648 2152 libri
664 2103 776 2152 veteres
790 2112 890 2167 magno
908 2113 959 2150 nu-

55 2194 131 2234 mero
147 2178 274 2248 inquisiti
298 2185 326 2233 et
347 2179 382 2233 ad
399 2179 619 2234 emendationem
640 2178 757 2234 adhibiti
777 2185 857 2249 sont,
879 2194 959 2250 quam

55 2261 263 2317 emendationes
276 2260 440 2331 ingeniosae
452 2262 591 2333 eorruptis
603 2263 675 2318 loeis
687 2262 835 2331 inuentae,
850 2267 880 2316 ut
890 2277 959 2318 sane

55 2346 102 2416 qui
113 2345 159 2400 vel
171 2359 299 2400 aoervum
312 2344 406 2400 variae
419 2345 549 2400 lectionis
566 2362 669 2416 augere
682 2345 842 2401 elaboraret
853 2345 897 2400 vel
909 2346 959 2400 ba-

54 2427 182 2484 riolando
199 2443 312 2500 operam
326 2428 420 2498 daret,
434 2444 601 2499 paucorum,
618 2429 692 2484 sient
705 2444 765 2484 mea
780 2427 835 2482 lert
850 2427 958 2500 opinio,

55 2511 171 2582 gratiam
189 2518 265 2566 esset
282 2517 492 2567 consecuturus

117 2595 219 2650 Verum
234 2595 289 2650 hoo
308 2595 427 2650 nondum
444 2596 512 2651 satis
533 2595 687 2666 perfeetum
703 2610 767 2650 esse
782 2550 911 2664 ridetur,
930 2599 959 2648 ut

55 2695 90 2734 ex
113 2677 220 2733 inllnito
242 2678 375 2734 librorum
395 2695 508 2734 numero
529 2678 625 2750 optimi
648 2685 676 2732 at
699 2676 884 2748 antiquissimi
907 2677 959 2731 eli-

55 2767 155 2833 gantur
170 2777 202 2817 ao
214 2767 349 2832 tamquam
362 2762 447 2817 duees
460 2761 517 2831 lldi,
535 2777 604 2832 quos
621 2777 753 2832 nusquam
767 2759 822 2816 nisi
837 2758 866 2814 in
878 2776 960 2832 aper-

55 2851 99 2901 tos
123 2861 235 2900 errores
258 2845 407 2900 indiderint
426 2844 481 2917 ipsi
496 2845 630 2900 deserere
644 2844 744 2913 lieeut,
764 2844 958 2899 observentur.

54 2929 147 2984 llultis
168 2928 196 2982 in
215 2929 314 2997 rebus,
335 2944 405 2999 quae
423 2928 547 2984 leviores
561 2928 706 2998 videntur,
728 2933 757 2982 ut
779 2932 822 2982 est
836 2926 960 2982 voeabu-

56 3013 145 3068 lorum
157 3012 307 3068 oolloeatio
320 3017 367 3067 aut
377 3011 519 3067 seribendi
532 3011 603 3068 ratio
617 3017 663 3066 ant
675 3011 794 3083 eapitum
806 3008 960 3077 distinetio‚

56 3095 207 3151 editionum
221 3096 346 3168 priorum
362 3101 506 3150 curatores
522 3111 626 3150 morem
642 3094 728 3148 semel
744 3097 886 3163 reeaptum
901 3091 961 3148 vul-

55 3184 203 3250 gatumque
220 3179 300 3250 sequi
316 3195 396 3250 quam
409 3194 445 3233 ex
459 3177 540 3234 libris
552 3178 694 3233 immutare
710 3175 872 3231 maluerunt.
906 3173 962 3229 Sed

55 3268 151 3320 nostra
169 3269 260 3318 aetate
279 3261 452 3318 intellectum
469 3267 528 3330 est,
548 3261 649 3316 nullom
665 3275 728 3314 esse
749 3258 884 3312 rationem
900 3257 960 3312 vul-

56 3352 140 3416 gatae
156 3345 287 3402 lectionis
302 3363 336 3405 ae
351 3345 426 3401 nain
441 3344 558 3400 minimis
573 3344 683 3414 quidem
700 3343 784 3398 rebus
797 3341 960 3409 babendum,

56 3429 110 3484 nisi
138 3429 303 3502 optimorum
328 3430 463 3485 librorum
486 3429 634 3484 aeeederet
662 3425 821 3482 auotoritas.
865 3425 960 3495 ltaque
