2256 3930
416 250 623 299 PRAEFATIO.
825 250 962 296 LXXXIX

58 417 236 484 opportunus
254 410 348 467 evenit
364 410 524 482 Tranquillo
540 411 585 466 vel
606 409 686 465 nobis
706 410 789 466 vitam
804 428 832 482 p.
848 417 916 479 300,
933 416 967 469 29

58 495 178 551 relatam
199 494 225 549 ei
247 494 355 550 auctori
371 493 576 552 adserentibus.
620 493 805 564 Hieronymus
828 495 899 548 anim
918 495 966 548 ad-

59 594 161 634 versus
181 577 355 648 Scaligerum
372 577 563 633 Casaubonum
579 577 742 632 Salmasium
754 577 901 647 vossium,
920 578 964 648 qui

60 662 96 718 ab
112 660 243 733 imperito
258 661 369 717 homine
385 661 499 717 saeculo
515 661 552 715 Vl
567 660 642 716 illam
660 661 743 716 vitam
758 661 888 732 scriptam
904 662 966 732 opi-

59 744 118 801 nati
134 751 208 816 sunt,
228 761 279 817 pro
294 744 455 816 Tranquillo
472 760 593 816 sponsor
608 745 803 815 producendus
818 752 867 799 est.
913 744 965 810 oui

60 829 116 885 nisi
137 829 209 900 apud
226 829 328 884 bonum
349 829 468 899 aliquem
485 834 625 883 auctorem
647 827 801 883 invenisset
822 829 965 898 scriptum,

58 912 176 968 Plinium
208 911 363 968 Secundum
388 911 625 967 Novocomensem
656 912 817 967 historicum
846 911 967 982 perisse,

60 996 241 1052 dumviserct
257 997 421 1052 Vesuvium:
445 1001 521 1050 certe
542 996 570 1050 in
586 996 647 1050 eius
664 995 737 1050 modi
753 995 921 1051 oblivionem
938 1001 966 1049 et

59 1079 325 1135 inconsiderantiam
339 1096 394 1135 non
408 1078 583 1148 incurrisset,
598 1086 628 1133 ut
643 1080 678 1135 ad
692 1096 716 1134 a.
725 1085 759 1139 79
773 1085 892 1134 montem
906 1079 963 1133 Ve-

60 1162 169 1219 suvium
190 1163 327 1218 scriberet
342 1163 477 1232 regiones
493 1163 600 1218 vicinas
620 1169 648 1218 et
661 1164 746 1218 urbes
767 1179 827 1217 cum
845 1163 963 1217 bomini-

59 1247 112 1302 bus
128 1247 282 1316 exussisse,
301 1254 328 1301 et
343 1246 418 1302 XXX
435 1246 514 1302 annis
533 1253 598 1318 post
614 1263 694 1302 unum
707 1247 740 1302 de
756 1245 792 1302 iis
806 1245 964 1301 bominibus

61 1331 187 1386 traderet
201 1329 340 1401 insignem
361 1329 484 1385 habitum
503 1346 567 1385 esse
582 1330 754 1386 historicum.
799 1329 895 1384 Deleri
912 1346 964 1385 vo-

60 1414 120 1468 lunt
135 1415 221 1471 verba
236 1413 338 1486 ‘pariit
352 1413 415 1469 dum
428 1413 495 1469 visit
508 1414 674 1469 Vesuvium'
691 1416 725 1469 ab
742 1413 868 1470 omnibus
883 1413 964 1468 libris

60 1496 341 1569 chronographisque
355 1503 475 1566 servata,
493 1497 543 1552 sed
558 1514 593 1552 ne
608 1497 797 1553 ‘historicus’
811 1497 919 1568 quidem
935 1497 964 1551 in

59 1580 194 1636 minorem
216 1579 331 1636 Plinium
355 1575 537 1652 convenirffi).
580 1582 653 1637 Falsi
674 1587 793 1652 arguunt
814 1582 843 1635 in
858 1581 963 1636 maiore

61 1661 333 1720 'Novocomensem'
355 1664 487 1736 patriam,
515 1665 565 1719 sed
578 1666 708 1722 Veronae
733 1682 800 1720 suae
822 1671 963 1721 auctorem

59 1763 116 1803 non
141 1749 243 1804 babent
266 1754 312 1803 aut
333 1748 515 1803 vetustiorem
539 1754 585 1804 aut
606 1749 754 1805 certiorem
774 1748 963 1805 Mansionario

58 1831 227 1886 Veronensi.
272 1832 382 1887 llaneat
408 1831 493 1901 igitur
515 1833 610 1887 verbis
635 1835 668 1888 ab
694 1833 863 1901 Hieronymo
895 1838 963 1886 tam-

60 1931 140 1986 quam
164 1914 253 1970 invito
270 1914 371 1986 positis
393 1932 442 1970 sua
468 1917 629 1971 auctoritas.
673 1916 710 1971 At
726 1933 805 1986 quem
822 1922 963 1971 auctorem

59 1998 95 2054 dc
117 1998 184 2054 uitis
206 1995 356 2053 lllustrium
372 1999 494 2054 virorum
514 1999 610 2054 babuit
628 2007 741 2070 practer
758 1991 964 2068 Tranquillum?

123 2081 181 2137 Sed
196 2087 226 2136 ut
243 2081 379 2137 mittamus
394 2082 606 2151 Hieronymum,
631 2083 692 2154 ipsa
710 2083 790 2136 Plinii
815 2081 872 2136 vita
895 2080 963 2135 nihil

59 2182 127 2222 sana
150 2166 235 2220 babet
251 2181 305 2236 quo
323 2165 486 2221 Suetonium
508 2172 650 2220 auctorem
672 2171 830 2237 suspectum
852 2164 959 2218 reddat.
1011 2196 1015 2204 -

57 2248 213 2320 Inscriptus
242 2255 285 2304 est
310 2250 406 2304 titulus
433 2250 492 2303 ‘Ex
517 2250 646 2318 catalogo
667 2249 788 2304 virorum
814 2247 962 2302 illustrium

59 2332 232 2403 Tranquilli'
254 2338 301 2388 aut
319 2333 489 2388 ‘Suetonius
506 2333 681 2404 Tranquillus
698 2333 726 2387 in
745 2333 819 2387 libro
837 2331 871 2385 de
891 2330 961 2385 viris

58 2416 246 2485 illustribns’‚
263 2415 404 2488 reperitur
420 2416 447 2471 in
463 2416 554 2472 multis
571 2417 715 2472 codicibus
734 2422 762 2471 et
776 2416 821 2471 vcl
838 2413 960 2470 saeo.Xl

58 2499 190 2570 scriptis,
211 2499 280 2554 nibil
296 2499 371 2554 inest
386 2506 482 2571 aperte
499 2500 597 2555 lalsum
613 2508 659 2556 aut
674 2501 811 2573 ineptum,
828 2498 961 2554 nonnulla

57 2589 113 2637 tam
130 2582 158 2637 in
179 2582 319 2654 principio
337 2600 416 2653 quam
438 2583 465 2638 in
486 2585 539 2638 linc
555 2584 669 2656 propria
691 2591 754 2640 sunt
774 2600 807 2639 ac
829 2598 960 2652 nusquam

57 2667 126 2722 alibi
145 2666 265 2738 scripta,
281 2666 401 2737 denique
416 2683 507 2723 sermo
524 2683 577 2723 non
595 2669 735 2723 abhorret.
780 2667 814 2721 Et
829 2665 961 2721 debuisse

57 2749 156 2820 utique
172 2749 200 2804 in
218 2748 377 2805 illustribus
394 2749 464 2806 viris
487 2752 577 2805 locum
592 2751 681 2807 Plinio
698 2751 854 2822 assignari,
874 2747 961 2803 nemi-

59 2850 120 2888 nem
136 2827 256 2905 latatll).

126 3025 173 3088 85)
184 3028 248 3077 Eum
259 3043 359 3093 quoque
369 3028 514 3079 historicum
528 3029 607 3079 luisse
619 3031 791 3079 demonstrare
802 3029 855 3078 vult
864 3028 962 3078 Vallar·

58 3097 113 3146 sius
126 3096 228 3145 adeum
242 3098 324 3147 locurn
344 3097 462 3147 chronici.
500 3098 616 3148 Ceterum
631 3111 695 3162 quos
708 3097 809 3146 codices
824 3097 890 3145 idem
902 3097 962 3146 Val-

57 3164 150 3214 larsius
163 3165 255 3216 liberos
263 3181 320 3217 esse
330 3168 364 3217 ait
376 3164 546 3216 additamento
566 3167 616 3227 illo,
631 3164 698 3229 quod
709 3171 747 3214 est
756 3164 913 3225 deVesuvio,
930 3164 963 3214 tl-

58 3246 114 3283 meo
133 3247 164 3282 na
177 3235 278 3286 saeculo
290 3233 347 3286 XV.
360 3249 412 3285 non
430 3236 582 3286 vetustiores
598 3235 656 3284 sint.

127 3300 174 3364 86)
197 3303 322 3354 intellexit
344 3303 392 3354 boc
416 3303 580 3354 casaubonus
603 3317 716 3366 quoqne,
741 3301 787 3352 sed
809 3301 873 3350 mira
895 3299 962 3352 iudi·

57 3370 134 3419 candi
152 3372 319 3436 perversitate
336 3373 414 3422 vitam
432 3388 456 3437 p.
473 3371 533 3430 301,
552 3372 567 3421 5
585 3372 703 3437 positam,
723 3385 798 3435 quam
810 3369 960 3420 'Mansioua-

58 3452 112 3487 rrus
131 3438 173 3487 ille
195 3438 376 3490 eSuetoniana
391 3450 415 3490 et
427 3440 500 3490 Plinii
516 3432 628 3506 ehistolis
647 3438 671 3500 3,
683 3441 708 3490 5.
727 3440 752 3501 6,
767 3439 796 3490 16
815 3447 839 3489 et
853 3439 906 3489 suis
922 3438 962 3488 ln-

58 3506 326 3571 eptiisconcinnar1t‚
346 3510 506 3559 vetustiorem
528 3509 689 3559 existimavit.
