2286 3944
405 219 612 268 PRAEFATIO.
810 219 956 266 LXXXVII

45 375 138 453 tet⁸¹).
186 379 309 434 Omnium
331 381 449 450 optimus
479 385 507 434 et
532 396 568 434 ex
592 378 784 450 antiquissimo
809 378 951 436 derivatus

44 469 86 519 es'
107 464 179 518 liber
196 461 347 519 bernensis
363 467 429 532 370,
449 463 495 533 qui
512 477 576 518 raro
598 462 768 534 reliquorum
786 480 841 536 ope
857 479 951 519 emen-

43 548 108 603 dari
133 553 241 618 potest,
269 547 399 603 nonnulla
423 547 500 602 solus
525 552 602 601 recte
630 543 806 622 servavitffi).
851 547 895 602 Ad
922 545 949 604 id

44 631 203 701 exemplum
230 630 284 684 duo
309 629 441 686 librorum
467 647 572 700 genera
598 630 666 686 satis
691 630 763 685 inter
788 647 819 686 se
839 631 950 686 diversa

43 720 75 769 et
91 713 164 768 fluxa
186 713 239 768 lide
261 713 376 767 alterum
392 715 480 770 altero
497 714 596 769 melius
611 713 691 784 quasi
709 714 825 769 alternis
841 713 949 769 vicibus

10 804 15 867 ζ
43 798 186 853 accedere
207 796 306 851 solent.
350 797 446 853 Priore
468 797 646 852 Cassellanus
667 796 819 852 Witlianns
842 795 951 852 Beroli-

43 879 142 935 nensis
162 896 222 935 cnm
238 880 360 936 editione
380 882 507 953 principe
528 880 696 951 continetur,
711 881 829 936 alterum
845 880 952 935 liontc·

10 1031 16 1043 .
43 964 212 1037 pessulunns
236 969 264 1018 et
284 964 425 1020 Parisinus
440 969 510 1024 7502
530 965 698 1035 longiusque
721 965 796 1020 baud
819 979 884 1020 raro
902 963 951 1020 ab·

10 1058 16 1123 j
44 1053 173 1102 errantes
187 1045 328 1104 Parisinus
339 1053 409 1107 8030
421 1055 448 1103 et
462 1049 609 1104 bernensis
624 1053 657 1106 45
673 1064 734 1103 cum
749 1047 859 1103 Canteri
877 1046 951 1102 libro

10 1126 16 1150 '
44 1130 226 1185 constituunt.
272 1130 338 1186 Cum
365 1132 462 1203 priore
489 1131 575 1202 igitur
603 1149 708 1202 genere
730 1131 879 1188 Ber-nensis
902 1130 951 1185 ille

45 1217 98 1273 370
113 1213 146 1269 ab
165 1214 247 1269 initio
265 1215 450 1272 additamento
467 1215 604 1272 nominum
620 1215 693 1271 liber
711 1222 764 1286 est,
778 1232 838 1270 cum
854 1219 951 1287 poste-

13 1308 15 1315 ’
44 1296 123 1352 riore
138 1297 242 1352 nullum
261 1299 424 1354 vocabulum
442 1300 596 1355 desiderari
612 1316 712 1371 passus
729 1305 773 1355 est
787 1316 815 1371 p.
831 1304 892 1368 299,
909 1301 952 1355 20.

10 1370 16 1405 ¹
43 1385 91 1439 21.
113 1386 156 1441 36.
204 1381 320 1452 Singula
337 1383 471 1439 notabilia
487 1385 557 1438 haec
573 1384 633 1438 lere
648 1389 725 1438 sunt:

13 1463 15 1469 ’
111 1470 178 1534 290,
202 1468 234 1523 15
255 1482 273 1519 c
296 1465 635 1536 Banmgarten-Crusius‚
659 1485 676 1522 c
698 1469 746 1525 On.
771 1467 878 1523 Weber
898 1483 950 1539 pro

10 1536 14 1621 Ι
42 1566 108 1604 cnm
127 1543 134 1626 Ι
152 1566 213 1604 cum
236 1551 364 1622 Pompeio
386 1567 403 1604 u
422 1551 542 1607 Caesare
562 1552 674 1608 Grotius
694 1544 698 1628 Ι
717 1557 752 1608 24
771 1552 902 1606 recitante
921 1564 951 1606 se

10 1621 15 1660 ¹
45 1632 183 1688 canterus
199 1650 250 1705 pro
268 1637 407 1701 recitante,
429 1639 582 1705 recitantes,
605 1638 763 1690 recitantem
782 1627 787 1712 Ι
806 1641 839 1693 25
859 1648 951 1689 reces-

10 1704 15 1743 1
41 1719 115 1772 sisse
139 1718 209 1772 Bern
223 1722 282 1777 370.
327 1721 440 1774 recessit
461 1719 600 1780 Par8039·
645 1719 783 1776 Neronem
805 1720 952 1793 recessisse

10 1791 15 1826 ¹
43 1799 192 1856 Canterus.
236 1817 298 1855 enm
319 1805 477 1858 recessisset
500 1802 678 1859 Omnibonus.
724 1805 882 1858 recessisset
904 1818 951 1857 re-

41 1883 114 1953 liqui
134 1876 139 1962 Ι
159 1889 193 1944 26
204 1885 321 1955 pesenae
336 1886 462 1946 Par7502
481 1879 486 1964 Ι
505 1893 539 1946 28
554 1889 649 1942 emisso
664 1887 733 1942 Edd.
752 1883 847 1959 (male.
868 1884 951 1939 Simi-

10 1966 16 2003 1
43 1967 111 2022 liter
128 1969 206 2022 alans
221 1968 292 2023 deici
313 1976 341 2025 et
362 1971 528 2024 descendere
543 1971 661 2040 dicitur,
681 1969 744 2040 equi
762 1975 882 2024 ventrem
901 1967 949 2038 fa-

13 2036 17 2064 ¹
41 2048 125 2125 cere)
157 2043 161 2131 Ι
187 2058 221 2112 33
243 2055 344 2109 multus
371 2053 540 2109 Omnibonus
566 2070 618 2124 pro
645 2055 735 2107 multis
760 2045 765 2127 Ι
795 2058 829 2111 36
849 2065 950 2121 parem

10 2105 17 2208 Ι
43 2134 174 2191 omittunt
190 2152 286 2192 omnes
304 2143 416 2210 praeter
431 2139 571 2197 seruato.
599 2137 720 2208 Montep.
739 2136 875 2194 1117502.

114 2249 161 2313 81)
189 2251 226 2302 De
249 2251 419 2301 Berncnsibns
450 2265 491 2301 no.
511 2252 544 2299 45
571 2258 595 2299 el
614 2248 664 2301 370
685 2249 745 2298 olim
767 2247 950 2313 Bongsrsienis

10 2310 18 2346 1
43 2337 113 2372 saec.
130 2318 163 2368 X.
184 2319 285 2386 scriptis
301 2320 428 2384 copiosius
445 2319 549 2385 exponit
566 2317 656 2368 Sinner
667 2335 691 2383 p.
707 2317 765 2369 507.
780 2315 839 2366 510.
876 2317 949 2367 Elus-

10 2367 19 2416 Ι
42 2391 102 2441 dem
121 2388 212 2439 aetatis
228 2389 345 2438 dicuntur
361 2403 418 2439 esse
436 2388 544 2438 Parisini
565 2388 647 2454 Regii,
664 2387 784 2436 alterno.
803 2384 871 2436 7502
890 2385 950 2435 olim

10 2448 19 2480 ¹
43 2455 215 2517 estnernnus,
233 2457 296 2507 alter
316 2455 460 2507 cocceam
479 2455 585 2506 Thuani.
622 2456 682 2505 illos
700 2470 756 2506 mea
774 2455 857 2522 grstia
874 2454 900 2505 0.
920 2453 949 2503 L.

10 2523 19 2585 Ι
42 2527 84 2578 de
101 2524 256 2591 Steiger,
273 2524 321 2576 hos
339 2526 399 2577 Iac.
413 2525 589 2575 Hunniker
606 2524 771 2588 contulerant,
788 2539 843 2574 cnm
861 2533 950 2589 postea

10 2583 20 2665 Ι
42 2594 149 2645 eosdem
178 2595 204 2644 in
226 2594 362 2660 scriptione
381 2594 523 2653 academica
544 2593 626 2645 Caroli
651 2593 690 2643 Fr.
707 2593 803 2644 Weber
820 2592 949 2657 Marbnrgi

16 2670 19 2687 ³
43 2678 68 2715 a.
89 2660 158 2712 1850
182 2661 250 2711 edita
274 2670 325 2712 tam
351 2661 488 2730 diligenter
511 2663 736 2730 collatosreperi‚
761 2670 788 2711 nt
813 2660 948 2711 admodum

10 2730 13 2738 '
61 2746 126 2782 anca
144 2729 207 2780 mihi
222 2731 308 2781 relicta
327 2731 377 2781 siut
396 2732 436 2782 vel
453 2732 570 2782 addenda
589 2733 627 2781 vel
652 2731 817 2780 emendenda.
845 2755 878 2766 -
913 2728 949 2777 De

18 2786 21 2821 Ι
41 2748 268 2866 010111ρ111111ηο
286 2814 328 2852 no.
348 2800 411 2862 113,
432 2800 491 2850 olim
513 2800 616 2850 Bnherii
630 2799 806 2861 mutunensis,
832 2814 897 2848 suec.
913 2795 948 2845 lll

18 2858 21 2887 ³
42 2877 154 2918 exeunte
169 2868 263 2933 scripto
279 2868 324 2918 cir.
340 2868 477 2935 catalogue
495 2869 599 2935 general
613 2869 658 2919 des
673 2867 826 2917 manuscrits
842 2868 888 2917 des
904 2865 946 2914 de-

10 2933 20 2995 !
42 2943 200 3003 parlaments
219 2938 232 2986 1
250 2953 276 3003 p.
302 2936 360 2988 325.
398 2937 520 2989 Collatum
537 2937 624 2986 hebuit
642 2935 834 3000 Oudendorpius
854 2951 869 2984 a
886 2935 947 2983 Dor·

10 2991 122 3063 1,νί1Ιί0.
144 3032 177 3041 -
197 3005 358 3057 Caesellanus
379 3007 442 3056 libor
465 3022 530 3057 saec.
551 3005 606 3055 XII.
627 3014 651 3054 ct
664 3004 836 3054 Berolinensis
852 3018 894 3052 no.
915 3000 948 3053 35

18 3067 22 3098 Ι
43 3089 109 3124 saec.
130 3072 200 3128 XIV.
222 3075 289 3140 apud
307 3075 445 3124 Weberum
460 3075 543 3126 collati
560 3074 726 3139 reperiuntur.
747 3099 780 3107 -
797 3070 948 3136 Dependitus

10 3130 23 3167 1
43 3142 210 3193 essevidetur
228 3143 309 3192 codex
324 3159 389 3193 saec.
403 3144 436 3196 X.
453 3145 484 3194 eb
497 3141 674 3206 Oudendorpio
693 3155 743 3190 non
762 3140 824 3190 sutis
839 3139 947 3205 diligen-

10 3187 23 3236 Ι
43 3219 81 3260 ter
101 3211 222 3272 collatus,
243 3226 316 3275 quem
336 3213 396 3262 olim
416 3213 531 3264 Sixtinus
548 3218 572 3260 et
590 3210 689 3267 Sinnius,
708 3224 732 3260 u.
754 3210 820 3259 1727
841 3210 947 3257 loannes

43 3279 73 3329 de
92 3279 157 3329 Witt
174 3280 321 3347 possidebat
338 3290 440 3332 senator
457 3277 708 3330 Amstelodamensis.

10 3322 24 3370 Β
110 3346 159 3411 82)
176 3348 241 3398 Male
256 3364 280 3414 p.
295 3348 363 3410 209,
382 3350 415 3402 37
432 3358 465 3410 et,
483 3365 509 3415 p.
528 3347 595 3408 300,
614 3348 631 3398 6
648 3349 747 3397 amatia
764 3345 848 3395 omisit
867 3344 946 3404 solus,

10 3400 24 3437 ¹
40 3431 63 3478 p.
80 3415 141 3477 200,
159 3415 193 3467 34
204 3419 378 3478 praedicenda
392 3418 467 3468 habet
482 3432 539 3466 cum
557 3417 693 3482 plerisque.
718 3415 788 3465 Idem
800 3413 947 3466 solusrecte

10 3461 22 3503 ἰ
37 3497 63 3542 o.
78 3485 141 3544 200,
153 3485 187 3536 25
201 3489 345 3548 recessisse,
358 3503 383 3553 p.
395 3485 454 3548 300,
471 3486 486 3537 3
497 3487 616 3536 exaravit
626 3483 743 3534 ostendit.
