2256 3930
503 206 606 255 NERO.
992 202 1052 263 175

9 385 16 422 n
54 357 210 436 multiplex
224 374 328 436 penus,
341 366 470 417 tesserae
484 359 695 437 frumentariae,
712 362 813 437 vestis,
829 379 937 439 aurum,
949 383 1053 442 argen-

10 471 18 516 r,
55 452 126 519 tum,
147 458 287 518 gemmae,
306 443 490 517 margaritae,
504 441 617 502 tabulae
634 445 738 521 pictae,
755 446 907 523 mancipia,
920 448 1052 526 iumenta,

9 554 11 559 ⁸
55 534 144 602 atque
159 526 243 584 edam
260 533 426 584 mansuetae
441 525 532 600 ferae,
550 528 705 586 novissime
720 546 824 604 naves,
842 529 962 606 insulae,
979 533 1053 607 agri.

52 609 118 668 llos
134 606 217 668 ludos
235 609 378 685 spectavit
401 626 417 666 e
439 611 576 686 prosceni
598 609 726 687 fastigio.
769 611 905 688 hlnnere,
926 613 1003 691 quod
1025 614 1053 672 in
1062 621 1096 674 12

24 705 41 744 ὅ
55 691 269 769 amphitheatro
285 691 383 767 ligneo
399 692 521 767 regione
536 693 630 752 blastii
646 695 738 772 campi
754 696 826 755 intra
842 696 908 756 anni
931 697 1052 773 spatium

51 776 199 836 fabricato
214 773 300 848 dedit,
317 775 459 833 neminem
477 775 598 851 occidit,
616 795 653 834 ne
675 780 827 837 noxiorum
851 778 979 856 quidem:
1003 799 1051 840 ex·
1092 825 1095 828 »

50 858 146 919 hibuit
162 867 256 917 antem
268 856 304 915 ad
315 858 423 916 lerrnm
435 860 521 917 etiam
533 858 759 936 quadringentos
771 870 923 921 senatores
936 881 1052 922 sescen-

51 953 160 1020 tosque
176 941 289 1019 equites
299 940 455 1016 Romanos,
468 951 498 1000 et
510 941 646 1018 quosdam
662 943 794 1003 fortunae
810 953 894 1023 atque
910 946 1052 1006 existima·

52 1027 144 1085 tionis
159 1025 301 1101 integrae,
321 1042 358 1082 ex
376 1024 467 1082 isdem
483 1025 631 1084 ordinibus
647 1027 835 1086 coniectores
851 1045 966 1106 quoqne
979 1029 1052 1089 lera-

9 1123 40 1166 ιο
52 1128 118 1170 rum
135 1117 163 1167 et
178 1109 257 1166 varia
274 1107 399 1166 harenae
414 1109 585 1178 ministeria;
602 1108 731 1168 exhibuit
747 1119 776 1168 et
789 1111 983 1171 naumachiam
995 1130 1052 1171 ma·

49 1195 116 1253 rina
135 1209 219 1268 aqua,
235 1191 395 1250 innantibus
416 1190 524 1260 belnis;
547 1193 614 1250 item
636 1193 787 1270 pyrrichas
806 1194 942 1270 quasdam
963 1213 979 1253 e
1002 1214 1051 1254 nu·

49 1293 136 1335 mero
156 1273 345 1352 epheborum,
362 1274 463 1352 quibos
478 1284 545 1352 post
562 1275 665 1335 editam
681 1293 799 1355 operam
816 1277 970 1355 diplomata
984 1279 1052 1337 ciri·

49 1361 122 1418 tatis
137 1359 284 1418 Romanae
300 1358 420 1434 singulis
436 1359 548 1435 optulit.
579 1358 657 1417 lnter
671 1359 868 1436 pyrricharum
884 1370 1052 1436 arguments

52 1452 155 1501 taurus
170 1440 340 1519 Pasiphaam
356 1442 455 1518 ligneo
470 1444 610 1501 iuvencae
627 1442 780 1501 simulacro
796 1441 920 1502 abditam
935 1445 1005 1520 iniit,
1022 1452 1053 1502 ut

10 1525 134 1584 {tmnlti
157 1525 347 1603 spectantium
371 1524 566 1593 crediderunt;
593 1524 693 1584 lcarns
715 1526 806 1603 primo
830 1528 922 1586 statim
946 1535 1051 1586 conatu

52 1611 133 1668 iuxta
151 1607 312 1666 cubiculum
325 1608 387 1666 eius
399 1607 505 1667 decidit
519 1609 668 1686 ipsumque
681 1626 784 1668 cruore
794 1611 946 1688 respersit
977 1609 1050 1669 Nam

52 1709 176 1770 perraro
198 1690 376 1770 praesidere,
395 1700 521 1750 ceterum
538 1690 693 1767 accubans,
712 1695 810 1770 parvis
831 1695 951 1771 primurn
973 1693 1049 1752 lora·

53 1775 187 1851 minibus,
205 1773 309 1833 deinde
326 1783 387 1834 toto
404 1774 491 1852 podio
508 1773 647 1852 adaperto
662 1785 797 1853 spectare
814 1784 977 1835 consuerat.

118 1857 241 1916 Instituit
258 1865 286 1914 et
302 1857 513 1935 quinquennale
529 1866 674 1916 certamen
687 1859 794 1936 primus
807 1860 929 1917 omnium
940 1859 1050 1918 Rornae

10 1957 137 2005 :tumore
160 1940 273 2000 Graeco
298 1940 421 2018 triplex,
446 1942 583 1999 musicum
612 1943 773 2016 gymnicum
802 1950 957 2018 equestre,
974 1940 1050 2019 qnod

55 2023 215 2102 appellavit
234 2022 377 2092 Neronia;
404 2023 601 2100 dedicatisque
634 2023 750 2082 thermis
777 2033 862 2101 atque
890 2026 1049 2100 gymnasio,

55 2108 166 2166 senatui
182 2124 297 2184 quoque
314 2116 343 2165 et
359 2108 446 2183 equiti
461 2106 556 2165 oleum
572 2104 713 2184 praebuit.
741 2107 898 2183 Magistros
910 2115 973 2167 toto
988 2125 1050 2166 ccr-

55 2191 152 2250 tamini
171 2190 339 2268 praeposuit
354 2189 523 2248 consulares
539 2198 629 2265 sorte,
646 2189 716 2248 sede
735 2198 910 2268 praetomm.
939 2189 1050 2250 Deinde

11 2322 17 2343 ,
54 2275 83 2332 in
100 2272 280 2332 orchestram
295 2281 481 2349 senatumque
495 2271 654 2349 deseendit,
672 2282 700 2332 et
715 2273 852 2332 orationis
864 2274 978 2351 quidem
990 2292 1049 2334 car·

10 2377 45 2455 ps
55 2357 197 2434 minisque
213 2354 303 2415 Latini
319 2372 466 2432 coronam,
482 2355 518 2415 de
534 2374 589 2434 qna
603 2355 821 2416 honestissimus
842 2360 962 2436 quisque
982 2374 1048 2417 con-

17 2462 20 2469 ·
54 2439 197 2516 tenderat,
214 2441 342 2516 ipsorum
359 2456 503 2498 consensu
521 2456 690 2500 concessam
707 2439 762 2500 sibi
775 2443 904 2520 recepit,
921 2441 1049 2501 citharae

10 2564 21 2602 2
55 2532 149 2585 autem
164 2541 180 2582 a
195 2522 336 2582 iudicibus
353 2522 388 2583 ad
405 2542 437 2582 se
450 2522 572 2583 delatam
584 2523 714 2583 adoravit
735 2524 862 2602 ferrique
878 2525 914 2585 ad
925 2523 1049 2602 Augusti

11 2646 20 2682 ,
55 2616 176 2666 statuam
192 2608 283 2665 iussit.
329 2606 478 2682 Gymnico,
494 2605 572 2685 qnod
594 2608 621 2665 in
638 2608 735 2686 Septis
758 2607 876 2684 edebat,
898 2611 974 2667 inter
998 2607 1047 2666 bn·

11 2728 18 2766 ,
54 2690 167 2764 thysiae
189 2698 357 2768 apparatum
379 2689 497 2750 barbam
519 2692 637 2769 primam
658 2692 770 2770 posuit,
799 2691 999 2767 conditamque
1021 2690 1049 2748 in

11 2786 44 2848 pn
54 2792 171 2834 auream
186 2773 321 2851 pyxidem
336 2783 365 2832 et
379 2775 598 2853 pretiosissimis
609 2775 772 2851 margaritis
784 2773 949 2835 adornatam
965 2771 1048 2850 Capi·

11 2894 13 2911 .
52 2857 126 2917 tolio
145 2858 337 2917 consecravit.
381 2855 427 2915 hd
449 2856 617 2916 athletarum
640 2856 837 2936 spectaculum
866 2856 996 2915 invitarit
1021 2862 1051 2914 et

52 2943 183 3017 virgines
195 2940 341 3017 Vestales,
357 2942 423 3018 qnia
436 2938 587 3018 Olympiae
611 2958 726 3017 quoqne
749 2938 868 3000 cereris
892 2936 1049 2998 sacerdoti·

11 3030 18 3055 '
51 3025 106 3083 bns
122 3033 257 3102 spectare
275 3023 451 3083 conceditur.

119 3107 184 3167 Non
200 3109 341 3167 immerito
355 3109 430 3165 inter
446 3104 613 3184 spectacula
628 3104 664 3165 ab
680 3122 717 3164 eo
733 3104 810 3164 edita
825 3113 854 3164 ct
868 3103 1001 3165 Tiridatis
1022 3099 1093 3162 nrt

11 3207 41 3256 ss
51 3191 155 3252 urbem
170 3193 314 3251 introitum
328 3189 484 3249 retulerim.
529 3188 620 3262 Quem
635 3187 790 3248 Armeniae
805 3206 917 3265 regern,
940 3184 1052 3264 magnis

52 3275 314 3356 pollicitationibus
330 3273 523 3348 sollicitatum,
540 3289 603 3330 cnm
618 3270 763 3331 destinato
786 3289 840 3349 pes
859 3271 981 3332 edictnsn
1004 3266 1051 3331 dis

52 3368 223 3419 ostensurus
238 3358 347 3436 populo
373 3365 494 3436 propter
509 3353 636 3414 subdam
652 3352 821 3431 distulisset,
838 3353 973 3434 produxit
993 3368 1052 3433 qno

54 3442 301 3520 opportunissime
320 3440 423 3520 potnit,
448 3438 597 3519 dispositis
619 3437 699 3498 circa
720 3435 779 3498 ioci
803 3438 909 3519 templa
935 3435 1051 3500 assistis
