2286 3944
120 215 180 275 142
210 225 239 274 c.
257 223 405 273 annnom
422 222 549 282 ranno.
566 222 712 270 mamm
728 222 916 273 cassanum
934 226 1008 274 ure.
1022 228 1088 275 uu.

120 381 258 442 amatorio
277 378 391 456 quidem
416 377 641 454 medicamento,
667 377 719 437 sed
736 377 812 456 quod
831 378 861 437 iu
881 379 1016 440 furorem
1034 391 1122 441 verte·

120 467 165 525 rit.
209 461 700 531 Incitabaturinsomniamaxime;
723 464 915 539 nequeenim
946 464 1015 543 plus
1046 483 1122 544 quam

120 547 210 608 tribus
226 547 373 607 nocturnis
397 543 477 603 horis
493 543 679 621 quiescebat,
702 562 737 606 ac
759 563 796 604 ne
814 547 850 604 iis
876 547 998 625 quidem
1015 548 1123 628 placida

120 634 233 712 quiete,
255 629 308 690 sed
323 628 427 708 pavida
443 627 522 686 miris
541 646 636 687 rerum
651 627 836 706 imaginibus,
864 639 894 690 ut
920 633 972 710 qni
989 634 1065 692 inter
1080 651 1121 693 ce·

119 725 197 775 teras
220 713 320 793 pelagi
336 711 478 791 quondam
499 713 628 789 speciem
649 712 873 792 conloquentem
898 733 1004 775 secum
1029 715 1122 777 videre

120 799 198 859 visus
217 798 262 858 sit.
307 796 437 874 Ideoque
462 813 565 871 magua
587 804 668 872 parte
691 797 785 856 noctis
805 797 926 873 vigiliae
944 799 1121 878 cubandique

120 882 216 943 taedio
232 899 308 941 nunc
323 889 386 940 toro
401 878 546 954 residens,
567 896 642 938 nuuc
657 897 710 957 per
725 879 911 956 longissimas
930 885 1066 961 porticus
1080 901 1120 943 va·

120 985 176 1046 gus
191 967 327 1025 invocare
344 961 495 1022 identidem
512 972 599 1041 atque
616 971 773 1041 expectare
790 963 886 1023 lucem
902 976 1073 1027 consuerat.

79 1055 112 1107 51
181 1047 247 1108 Non
262 1049 392 1106 inmerito
407 1046 510 1104 mentis
524 1045 672 1106 valitudini
686 1046 863 1107 attribuerim
878 1047 1081 1110 diversissima
1098 1052 1121 1108 in

122 1133 225 1194 eodem
242 1131 323 1207 vitia,
342 1146 476 1188 summam
492 1129 692 1190 coufrdentiam
713 1138 741 1188 et
759 1139 860 1191 contra
875 1133 996 1193 nimium
1011 1143 1136 1194 memmi

121 1215 256 1293 Numqui
276 1213 347 1273 deos
366 1221 443 1271 tanto
460 1228 551 1289 opere
574 1221 787 1292 contemneret,
812 1213 847 1276 ad
868 1217 987 1278 minima
1003 1218 1123 1277 tonitrua

122 1309 151 1361 et
165 1298 280 1385 fulggra
299 1297 453 1371 conivere,
479 1304 564 1374 caput
589 1295 764 1374 obvolvere,
787 1306 814 1358 at
836 1316 908 1359 vero
929 1302 1045 1361 maiore
1061 1317 1122 1380 pro

121 1385 218 1461 ripere
239 1398 272 1439 se
287 1398 303 1438 e
318 1388 407 1438 strato
426 1377 478 1437 sub
502 1378 667 1458 lectumque
685 1380 811 1442 condere
828 1381 956 1444 solebat.
991 1383 1122 1462 Peregri-

120 1465 236 1525 natione
258 1461 371 1541 quldem
393 1462 537 1521 Siciliensi
557 1465 649 1523 irrisis
670 1464 785 1524 multum
810 1465 944 1527 locorum
967 1467 1121 1543 miraculis,

120 1555 242 1626 repente
262 1564 278 1606 a
300 1546 433 1615 Messana
454 1555 541 1606 noctu
559 1547 687 1626 profugit
702 1547 826 1609 Aetnaei
850 1551 975 1611 verticis
996 1551 1077 1611 fumo
1092 1567 1121 1611 ac

120 1647 261 1691 murmure
276 1630 456 1708 pavefactus.
500 1629 650 1690 Adversus
671 1631 813 1693 barbaros
831 1651 950 1712 quoque
965 1635 1121 1696 minacissi-

120 1732 196 1791 mus,
228 1732 291 1773 cum
314 1723 391 1774 trans
408 1714 540 1774 Rhenum
562 1716 635 1774 inter
651 1718 799 1792 angustias
816 1717 998 1796 densumque
1021 1736 1121 1798 agmen

120 1801 174 1859 iter
193 1797 299 1857 essedo
321 1797 448 1876 faceret,
482 1798 595 1859 dicente
622 1799 745 1877 quodam
770 1818 827 1861 nou
853 1800 1037 1862 mediocrem
1064 1805 1121 1862 fore

122 1885 383 1943 consternationem
406 1882 524 1943 sicunde
546 1882 637 1942 hostis
656 1893 810 1962 appareat,
831 1902 935 1964 equum
962 1885 1033 1947 ilico
1059 1904 1120 1946 con·

122 1966 233 2028 scendit
248 1984 283 2028 ae
305 1983 431 2046 propere
448 1985 583 2027 reversus
600 1966 635 2026 ad
657 1976 776 2046 pontes,
798 1976 828 2027 ut
852 1986 904 2028 eos
922 1969 1081 2030 calonibus
1098 1977 1134 2029 et

122 2051 332 2132 impedimentis
354 2052 475 2132 stipatos
496 2053 642 2131 repperit,
663 2052 814 2131 impatiens
837 2069 937 2112 morae
954 2071 1010 2131 per
1027 2071 1122 2115 manus

122 2157 157 2197 ac
174 2155 262 2215 super
280 2137 374 2214 capita
394 2137 535 2197 hominum
558 2135 711 2196 translatus
733 2144 786 2195 est.
829 2135 1007 2197 Monetium
1032 2138 1121 2198 audita

122 2220 285 2281 rebellione
308 2219 491 2298 Germaniae,
513 2222 657 2297 ingemet
679 2219 804 2279 subsidia
824 2220 911 2297 fugae
934 2220 1055 2281 classes
1079 2240 1120 2300 ap·

122 2304 257 2383 parabat,
276 2323 331 2363 uno
358 2304 463 2364 solatio
490 2304 697 2382 adquiescens,
731 2306 931 2364 transmarinas
960 2314 1046 2365 certe
1073 2304 1121 2365 sibi

123 2388 320 2464 superfuturas
337 2389 518 2463 provincias,
540 2388 565 2445 si
580 2388 707 2446 victores
723 2387 838 2466 Alpium
854 2389 936 2464 iuga,
959 2396 990 2447 ut
1003 2387 1120 2465 Cimbri,

121 2470 274 2527 ueletiam
298 2467 414 2545 urbem,
440 2479 468 2530 ut
491 2471 622 2529 Senones
650 2471 808 2548 quondam,
829 2480 1024 2549 occuparent;
1052 2471 1121 2534 unde

122 2548 210 2610 credo
241 2551 464 2630 percussoribus
493 2553 554 2611 elus
586 2560 691 2628 postea
722 2556 871 2615 consilium
898 2562 1012 2633 natum,
1052 2554 1121 2636 apud

121 2633 321 2695 tumultuantes
341 2634 447 2694 milites
466 2635 652 2712 ementiendi,
676 2639 768 2716 ipsum
792 2638 846 2698 sibi
868 2656 968 2699 manus
990 2640 1120 2701 intulisse

120 2719 218 2779 nuntio
233 2718 325 2778 malae
343 2722 457 2796 pugnae
474 2719 666 2798 perterritum.

80 2811 113 2866 ta
186 2803 299 2864 Vestitu
317 2800 497 2882 calciatuque
515 2810 543 2861 et
561 2812 661 2863 cetero
680 2805 776 2865 habitu
800 2824 894 2884 neque
914 2807 1011 2883 patrio
1028 2824 1119 2887 neque

123 2887 216 2963 civili,
246 2903 281 2948 ac
302 2902 339 2944 ne
355 2886 429 2946 virili
448 2886 561 2966 quidem
576 2905 611 2946 ac
628 2888 751 2967 denique
773 2888 895 2949 lrumauo
916 2906 1039 2968 semper
1057 2908 1119 2952 usus

121 2980 175 3030 est.
220 2971 316 3048 Saepe
331 2967 462 3048 depictas
481 2980 696 3050 gemmatasque
712 2971 824 3032 indutus
847 2971 1004 3052 paenulas,
1026 2993 1118 3036 mann-

120 3055 213 3116 lcatus
229 3052 429 3133 etarmillatus
445 3056 472 3114 in
489 3054 634 3134 publicum
651 3056 808 3135 processit;
838 3056 994 3134 aliquando
1013 3060 1118 3120 serica·

120 3147 166 3198 tus
183 3146 212 3197 et
228 3136 409 3212 cycladatum
437 3157 472 3198 ac
492 3138 576 3197 modo
594 3141 621 3198 in
643 3139 769 3218 crepidis
783 3141 832 3200 vel
849 3139 1012 3219 cothurnis,
1035 3141 1118 3204 modo

119 3221 148 3281 iu
175 3221 369 3299 speculatoria
396 3221 507 3296 caliga,
531 3240 738 3302 nonnumquam
765 3241 856 3284 socco
884 3223 1036 3296 muliebrl;
1063 3227 1118 3307 ple

119 3321 239 3380 rumque
261 3321 333 3362 vero
355 3323 442 3366 aurea
466 3306 570 3386 barba,
592 3308 698 3367 fulmen
721 3317 822 3367 tenens
844 3317 891 3368 aut
909 3309 1054 3371 fuscinam
1078 3317 1119 3372 aut

121 3386 276 3447 caduceum
294 3386 412 3448 deorum
434 3392 571 3469 iusignia·
604 3401 684 3469 atque
701 3393 784 3450 etiam
802 3393 927 3451 Veneris
949 3393 1029 3453 cultu
1056 3412 1117 3456 con·

121 3478 238 3553 spectus
258 3479 310 3530 est.
357 3472 559 3533 'ferarium
621 3475 702 3518 „am
738 3483 848 3534 mratuu
884 3477 962 3536 -tiam
987 3487 1136 3553 amesa-p
