2256 3930
118 218 159 279 72
202 232 232 279 c.
250 231 401 279 sacrorn
416 230 542 289 ranno
558 230 606 277 nn
622 229 707 279 mun
723 226 909 277 cananaeus
922 229 996 277 nm.
1012 229 1051 276 11.

116 387 239 445 tacentis
260 383 307 443 vel
324 385 494 442 summissim
510 383 663 443 fabulantis
685 382 881 463 provocabat,
903 392 933 442 et
958 391 1008 443 aut
1022 400 1119 443 acroa-

116 478 191 529 mata
213 477 242 527 et
261 468 418 527 histriones
437 476 486 527 aut
506 469 590 527 etiam
612 468 741 527 triuiales
763 485 801 527 ex
821 468 901 526 circo
920 466 1020 527 ludios
1035 468 1118 526 inter·

117 552 245 632 ponebat
261 569 295 610 ac
311 551 490 629 frequentius
505 551 685 628 aretalogos.

79 652 108 707 ts
179 636 285 696 Festos
301 644 330 694 et
348 634 507 694 sollemnes
525 634 588 694 dies
603 635 814 713 profusissime,
830 650 1048 713 nonnumquam
1064 643 1117 693 tan-

115 732 172 783 tum
195 719 362 779 ioculariter
384 717 560 778 celebrabat.
595 717 809 795 Saturnalibus,
831 726 860 776 et
875 719 900 777 si
915 717 1034 796 quando
1053 718 1128 777 alias

115 806 263 880 libuisset,
287 802 374 862 modo
397 820 514 861 mnnera
537 801 697 879 dividebat,
719 810 832 861 restem
850 810 880 861 et
901 820 1005 861 aurum
1028 810 1060 861 et
1079 820 1116 861 ar·

115 898 246 968 gentum,
270 887 357 946 modo
379 903 509 945 nummos
531 888 623 945 omnis
644 894 744 963 notae,
767 886 853 945 etiam
874 894 995 945 veteres
1020 886 1117 962 regios

115 993 149 1034 ac
171 972 364 1051 peregrinos,
384 969 525 1029 interdum
546 969 614 1029 nihil
637 978 755 1049 praeter
776 970 871 1030 cilicia
889 978 918 1029 et
933 971 1080 1048 spongias
1094 976 1119 1028 et

114 1056 247 1117 rutabula
269 1063 299 1114 et
320 1055 451 1132 forpices
472 1061 559 1131 atque
579 1053 634 1113 alia
656 1051 685 1112 id
705 1071 813 1131 genus,
834 1053 923 1113 titulis
940 1052 1080 1113 obscuris
1094 1062 1118 1112 et

115 1141 266 1218 ambiguis.
304 1137 425 1199 Solebat
455 1147 484 1196 et
512 1137 806 1216 inaequalissimamm
835 1156 931 1197 rerum
963 1146 1064 1197 sortes
1093 1145 1117 1196 et

115 1243 234 1285 aversas
250 1221 409 1282 tabularum
424 1222 552 1300 picturas
571 1222 599 1279 in
621 1222 756 1281 convivio
774 1221 924 1282 venditare
944 1223 1117 1300 incertoque

116 1329 185 1369 casu
208 1325 289 1386 spem
310 1307 494 1365 mercantium
516 1305 563 1364 vel
583 1304 716 1366 imstrari
739 1305 787 1365 vel
803 1305 944 1386 explere,
965 1307 1007 1365 ita
1022 1314 1055 1364 ut
1069 1323 1118 1386 per

116 1392 247 1470 singulos
264 1391 360 1449 lectos
376 1388 496 1449 licitatio
513 1389 598 1449 beret
612 1398 640 1448 et
655 1407 707 1449 seu
721 1390 831 1450 iactura
846 1408 897 1448 seu
912 1388 1028 1449 lucrum
1046 1407 1117 1449 com·

79 1478 317 1535 ldmunicaretur.
349 1470 412 1531 Cibi
435 1474 519 1552 (nam
539 1492 576 1532 ne
593 1472 667 1532 haec
686 1474 799 1552 quidem
822 1472 991 1551 omiserim)
1014 1473 1118 1533 minimi

116 1568 178 1619 erat
201 1567 287 1635 atque
309 1554 438 1633 vulgaris
462 1556 535 1616 iere.
566 1556 773 1617 Secundarium
790 1575 894 1637 panem
910 1565 940 1616 et
956 1557 1118 1635 pisciculos

114 1645 239 1703 minutos
264 1650 294 1700 et
315 1658 431 1700 caseum
454 1639 590 1700 bubulum
610 1658 694 1701 mann
715 1659 847 1720 pressum
868 1649 898 1700 et
917 1641 993 1700 iicos
1012 1641 1118 1701 virides

115 1727 224 1787 biferas
251 1725 373 1787 maxime
404 1725 576 1803 appetebat;
603 1723 836 1804 vescebaturque
858 1733 887 1783 et
908 1733 974 1784 ante
1000 1743 1119 1785 caenam

116 1827 298 1890 quocumque
327 1817 458 1888 tempore
482 1816 511 1867 et
532 1809 618 1886 loco,
646 1825 703 1887 quo
724 1807 891 1869 stomachus
910 1807 1118 1869 desiderasset.

114 1894 214 1956 Verba
243 1893 333 1973 ipsius
360 1911 399 1952 ex
425 1892 558 1971 epistolis
579 1899 659 1951 sunt:
691 1889 758 1953 Noa
774 1892 808 1952 io
828 1892 937 1952 essedo
954 1910 1075 1970 panem
1095 1897 1121 1951 et

110 1977 271 2059 palmulas
287 1976 488 2057 pustuoimus.
534 1976 571 2036 Et
592 1978 709 2035 iterum:
734 1974 815 2036 Dum
836 1975 947 2036 lectica
969 1994 1011 2035 ex
1032 1977 1120 2056 repis

115 2064 234 2125 domuum
254 2062 364 2137 redeo,
384 2060 479 2138 punis
496 2060 620 2121 undam
639 2079 707 2120 cum
718 2060 832 2138 paucis
847 2060 1048 2120 omnisonae
1064 2061 1118 2120 du·

113 2148 246 2208 ruciaco
260 2144 386 2207 comedi.
409 2145 447 2205 Et
458 2163 572 2204 rursus:
590 2142 637 2204 Ne
649 2141 788 2204 Iudaeus
800 2143 931 2222 quidem,
945 2143 989 2203 mi
1004 2143 1118 2219 Tiberi,

115 2239 177 2291 tum
203 2231 363 2310 diligenter
388 2227 533 2290 sabbatis
551 2227 696 2288 ieittmum
715 2234 823 2287 servm
840 2244 931 2306 qaum
951 2246 1008 2306 epo
1029 2228 1120 2289 bodie

114 2316 255 2390 aerouoa‘,
273 2314 326 2393 qui
338 2314 370 2373 in
387 2312 509 2374 balineo
527 2312 645 2372 demum
657 2318 732 2390 post
745 2311 855 2372 boram
867 2312 1003 2389 primum
1018 2312 1120 2373 noctis

115 2400 196 2459 datas
223 2399 356 2459 bucceus
379 2397 569 2457 manducavi
593 2395 685 2474 prius
713 2412 805 2474 quum
823 2396 919 2474 coqui
939 2394 1116 2473 inciperem.

114 2484 160 2543 Ex
180 2483 235 2541 hac
258 2481 473 2540 inobservantia
491 2498 700 2560 nonnumquam
716 2480 763 2538 vel
782 2488 847 2539 ante
870 2480 969 2551 initum
985 2480 1034 2538 vel
1051 2489 1118 2558 post

116 2567 261 2626 dimissum
289 2564 450 2622 convivium
473 2565 553 2623 solus
578 2564 754 2640 monitabat,
782 2581 844 2622 cnm
870 2564 959 2643 pleno
982 2566 1118 2622 convivio

79 2649 185 2710 ttnihil
206 2655 349 2724 tangeret.
386 2648 453 2706 Vini
474 2665 589 2726 quoque
610 2657 709 2708 natura
734 2648 918 2726 parcissimus
939 2656 1012 2706 erat.
1052 2647 1118 2708 Non

116 2734 235 2814 amplius
254 2741 299 2790 ter
313 2731 414 2790 bibere
430 2750 494 2790 eum
510 2733 624 2791 solitum
642 2750 730 2812 super
746 2749 864 2791 caenam
880 2733 908 2790 in
924 2732 1028 2791 castris
1043 2730 1118 2810 apud

114 2821 260 2893 Mutinam,
276 2813 429 2875 Cornelius
442 2814 544 2894 Nepos
560 2816 653 2875 tradit.
681 2816 787 2875 Postea
803 2816 935 2893 quotiens
952 2815 1116 2892 largissime

116 2925 148 2966 se
164 2904 307 2976 invitaret,
324 2917 411 2959 senos
428 2909 576 2961 sextantes
590 2918 647 2959 non
664 2901 802 2975 excessit,
819 2908 866 2959 aut
881 2901 905 2958 si
924 2901 1116 2975 excessisset,

114 2987 266 3051 reiciebat.
297 2984 335 3044 Et
353 2986 476 3043 maxime
499 2985 659 3044 delectatus
677 2993 721 3043 est
735 2985 872 3060 Raetico,
894 3001 990 3061 neque
1006 2992 1116 3042 temere

115 3073 238 3135 interdiu
261 3068 343 3128 bibit.
372 3068 428 3128 Pro
451 3071 571 3147 potione
592 3068 722 3128 sumebat
744 3068 890 3146 perfusum
914 3085 988 3145 aqua
1011 3067 1117 3145 frigida

116 3176 234 3239 panem,
256 3161 303 3214 aut
325 3153 486 3212 cucumeris
505 3154 625 3212 frustum
645 3152 692 3211 vel
713 3151 873 3212 lactuculae
895 3151 1042 3227 thyrsum,
1071 3161 1117 3211 aut

115 3260 221 3302 recens
235 3238 380 3298 aridumve
397 3255 510 3316 pomum
527 3239 587 3296 suci
603 3237 768 3295 vinosioris.

79 3336 109 3392 ta
175 3327 244 3384 Post
261 3322 353 3381 cibum
368 3320 570 3396 meridianum,
595 3323 632 3379 ita
650 3330 680 3378 ut
696 3323 816 3379 vestitus
834 3319 1031 3397 calciatusque
1046 3329 1115 3395 erat,

117 3410 237 3469 retectis
257 3407 378 3484 pedibus
394 3407 542 3485 paulisper
558 3404 796 3482 conquiescebat,
813 3405 948 3483 opposita
964 3404 999 3462 ad
1016 3404 1116 3463 oculos

116 3511 210 3551 manui.
253 3490 278 3547 Α
302 3509 389 3549 caena
408 3491 436 3547 in
457 3491 620 3551 lecticulam
643 3508 674 3547 se
696 3488 919 3548 lucubratoriam
939 3486 1115 3566 recipiebam
