2286 3944
253 522 297 607 o.
330 521 569 604 sunuom
598 513 940 602 nnnnoornm

113 713 230 813 DE
280 708 511 809 VITA
561 698 1082 804 CAESARUM

493 906 631 970 LIBER
652 905 698 969 Π.

379 1080 522 1154 DIVUS
554 1076 807 1149 AUGUSTUS.

524 1271 675 1279 ————

72 1427 88 1477 1
160 1416 280 1476 Gentem
295 1414 444 1476 Octaviam
462 1418 583 1477 Velitris
599 1418 785 1496 praecipuam
800 1413 868 1473 olim
882 1413 985 1487 fuisse,
1011 1409 1120 1468 multas

99 1499 253 1561 declarant.
291 1499 363 1558 Nam
379 1509 408 1558 et
426 1501 508 1560 vicus
528 1501 719 1560 celeberrima
740 1507 823 1577 parte
842 1496 942 1576 oppidi
962 1497 1018 1554 iam
1041 1495 1099 1573 pri·

99 1584 162 1643 dem
180 1582 316 1642 Octavius
330 1583 490 1644 vocabatur
511 1594 540 1644 et
556 1583 762 1644 ostendebatur
782 1600 831 1642 ara
847 1581 970 1641 Octavio
994 1596 1098 1638 conse·

99 1675 193 1742 crata,
217 1668 264 1744 qui
279 1666 358 1725 bello
378 1666 436 1726 dux
451 1669 586 1745 finitimo,
610 1686 674 1727 cum
694 1668 771 1726 forte
792 1665 877 1725 Marti
897 1682 958 1723 rem
973 1663 1099 1722 divinam

98 1750 226 1826 faceret,
248 1753 374 1810 nuntiata
388 1762 512 1829 repente
532 1753 625 1811 hostis
646 1752 830 1826 incursione,
853 1747 1017 1809 semicruda
1031 1755 1099 1806 exta

98 1841 180 1911 rapta
205 1833 274 1892 foco
298 1837 462 1912 prosecuit,
496 1846 582 1915 atque
610 1839 648 1895 ita
668 1835 811 1915 proelium
832 1836 984 1911 ingressus
1002 1833 1100 1890 victor
1109 1851 1130 1890 ιο

98 1916 181 1975 redit.
215 1917 372 1977 Decretum
385 1921 470 1979 etiam
490 1920 637 1998 publicum
657 1917 788 1995 extabat,
811 1935 867 1996 qno
890 1915 1049 1976 cavebatur
1070 1922 1101 1973 nt

98 2002 289 2079 inposterum
309 2020 424 2081 quoque
439 2005 524 2063 simili
536 2003 621 2063 modo
638 2012 705 2063 exta
718 2003 801 2062 llarti
822 2001 1031 2076 redderentur,
1053 2017 1099 2080 re·

75 2082 264 2163 aliquiaeque
292 2086 328 2146 ad
353 2086 491 2147 Octavios
520 2089 708 2148 referrentur.
741 2085 785 2146 Ea
811 2104 886 2164 gens
905 2103 922 2144 a
941 2083 1099 2162 Tarquinio

99 2165 200 2226 Prisco
216 2186 289 2244 rege
311 2171 387 2230 inter
407 2174 534 2231 minores
558 2174 654 2247 gentis
677 2170 790 2229 adlecta
810 2173 840 2228 in
859 2177 1007 2245 senatum,
1030 2184 1100 2226 mox

99 2268 116 2308 a
134 2250 238 2310 Servio
257 2250 353 2313 Tullio
372 2255 401 2312 in
420 2258 557 2333 patricias
582 2255 727 2327 traducta,
755 2253 937 2332 procedente
964 2261 1130 2331 temporeis

98 2330 134 2391 ad
153 2333 269 2408 plebem
282 2353 316 2393 se
336 2338 474 2414 contulit,
496 2356 531 2398 ac
550 2357 649 2398 rursus
671 2355 777 2415 magno
795 2337 951 2398 intervallo
973 2354 1027 2415 per
1050 2335 1099 2394 Di-

98 2431 163 2471 vum
176 2413 278 2472 lulium
296 2420 325 2474 in
338 2422 520 2495 patriciatum
534 2421 618 2480 redit.
642 2422 752 2483 Primus
766 2439 804 2480 ex
822 2422 878 2482 hac
899 2422 1100 2496 magistratum

96 2495 197 2574 populi
222 2497 361 2576 suffragio
385 2504 464 2580 cepit
490 2502 645 2564 Ullusue.
674 2506 703 2566 ls
724 2507 908 2584 quaestorius
932 2503 992 2565 CN.
1013 2513 1043 2563 et
1065 2502 1099 2564 U.

96 2582 279 2658 procreavit,
313 2584 447 2660 aquibus
481 2587 589 2665 duplex
625 2588 811 2649 Octaviorum
843 2588 951 2650 familia
979 2587 1101 2648 deduxit

97 2661 262 2758 conditione
277 2663 403 2726 diversa.
426 2669 573 2747 Siquidem
586 2671 700 2733 Gnaeus
715 2682 744 2733 et
765 2673 905 2752 deinceps
925 2673 961 2733 ab
977 2690 1014 2733 eo
1030 2672 1098 2732 reli·
1108 2684 1131 2724 ro

96 2760 143 2821 qur
158 2761 258 2842 omnes
270 2747 361 2806 iuncti
377 2759 442 2809 sunt
456 2752 616 2814 honoribus
632 2759 757 2817 summis.
793 2757 833 2817 At
854 2756 1024 2837 Ueiosque
1046 2774 1099 2835 po·

95 2834 182 2922 sterr,
206 2845 257 2886 seu
286 2829 402 2893 fortuna
420 2852 472 2893 seu
502 2837 667 2918 voluntate,
691 2843 720 2900 in
746 2843 876 2921 equestri
905 2841 1007 2901 ordine
1030 2858 1099 2900 oon-

95 2917 227 2968 strterunt
254 2915 396 3008 usquead
432 2916 556 2996 Augusti
584 2933 706 3000 patrem.
736 2924 872 2986 Proavus
900 2924 1027 3003 Augusti
1055 2942 1099 2983 se·

95 2991 310 3088 cundePunrco
326 2996 407 3058 bello
421 3003 564 3080 stipendia
577 3008 607 3065 in
633 3008 732 3067 Sicilia
747 3000 878 3069 tribunus
894 3010 1015 3070 militum
1027 3007 1101 3068 iecit

92 3071 217 3132 Aemrlro
237 3074 318 3153 Papo
344 3082 531 3160 imperatore.
565 3089 646 3149 Avus
672 3093 896 3172 municipalibus
920 3079 1129 3172 magisteriistt

93 3162 244 3213 contentus
258 3157 421 3225 abundante
441 3172 613 3246 patrimonio
627 3176 864 3254 tranquillissime
878 3180 982 3238 senuit.

134 3235 306 3334 'Sednbaec
330 3247 393 3317 alii;
415 3252 479 3328 ipse
499 3253 649 3330 Augustus
670 3259 741 3318 nihil
757 3261 881 3340 amplius
904 3281 989 3341 quam
1010 3280 1099 3341 eque·

91 3324 141 3414 strp
161 3316 268 3381 iamrlra
289 3338 383 3387 ortum
407 3351 440 3391 se
461 3336 561 3394 scribit
576 3348 678 3398 vetere
702 3359 738 3400 ac
756 3343 925 3424 locuplete,
945 3356 974 3406 et
993 3348 1021 3404 in
1044 3363 1099 3424 qua

90 3416 197 3478 prunus
220 3416 341 3466 senator
366 3423 449 3488 pater
469 3434 537 3474 suns
555 3419 650 3479 fuerit.
677 3423 714 3483 bl
727 3424 875 3490 Antonius
890 3431 1057 3490 libertinum
1072 3429 1099 3488 ei
