2286 3944
424 250 528 300 nrvns
546 249 729 300 onsnnrns.
1018 240 1079 303 155

87 412 165 466 atem
181 405 323 484 integram
345 415 512 484 ostentans,
536 415 645 466 mutare
664 407 789 467 habitum
809 408 927 486 saepius
949 417 978 467 et
993 415 1080 486 prout

88 497 264 550 recusaretur
278 489 537 567 defendereturse,
554 492 645 550 iussit.
667 490 711 550 De
724 490 846 570 quodam
859 493 944 550 etiarn
959 493 1078 568 negotio

88 581 116 633 ta
134 591 173 633 ex
187 572 295 634 tabella
315 575 516 653 pronuntiasse
534 574 675 650 creditur,
695 573 863 634 seeundum
881 592 934 635 eos
954 593 988 634 se
1008 592 1076 634 sen·

88 657 152 734 ire,
168 657 310 737 qui-aera
323 657 568 736 proposuissent.
588 656 713 736 Propter
726 676 799 737 quae
813 675 904 736 usque
916 675 952 717 eo
968 659 1077 734 eviluit,

88 749 109 801 rt
134 743 241 821 passim
267 759 302 801 ac
321 742 472 820 propalam
490 742 666 820 contemptui
681 750 768 800 esset.
796 741 947 801 Excusaus
964 742 1078 820 quidam

88 834 182 886 estem
197 843 213 884 e
228 827 378 904 provincia
390 824 425 885 ab
438 842 474 885 eo
486 834 621 884 vocatum
632 827 751 902 negavit
765 833 882 902 praesto
897 843 963 884 asse
975 843 1077 905 posse,

88 908 253 970 lissimulata
269 908 315 968 diu
332 927 431 978 causa;
450 927 485 969 ac
500 918 567 988 post
584 909 687 986 longas
705 907 816 967 demum
832 910 1079 985 interrogationes

88 992 220 1054 llantuus
234 999 296 1068 cst,
311 994 417 1072 inquit:
430 998 523 1070 puto,
540 992 634 1052 licuit.
657 992 739 1051 Alius
753 993 863 1069 gratias
877 1009 983 1068 agens,
1001 991 1079 1070 quod

88 1095 159 1137 *eunr
174 1076 290 1137 delendi
307 1085 470 1154 pateretur,
486 1075 605 1136 adiecit:
627 1074 670 1136 Et
685 1082 786 1136 tamen
798 1076 870 1154 fieri
887 1075 974 1136 solet.
1004 1075 1079 1135 lllnd

88 1178 194 1242 [noque
210 1178 226 1220 a
242 1160 398 1220 maioribus
412 1168 479 1220 natu
494 1159 659 1237 audiebam,
679 1160 751 1220 adeo
767 1160 928 1220 causidicos
941 1161 1079 1238 patientia

88 1247 141 1305 aius
162 1243 264 1304 solitos
290 1243 383 1320 abuti,
410 1253 440 1303 ut
464 1243 689 1303 descendentem
710 1263 727 1303 e
750 1243 884 1304 tribunali
905 1260 963 1302 uon
986 1243 1078 1302 solum

88 1346 153 1389 rocc
167 1335 356 1404 revocarant,
373 1327 425 1386 sed
440 1337 469 1387 et
484 1328 586 1387 lacinia
601 1336 689 1404 togae
704 1336 831 1404 retenta,
848 1327 988 1386 interdum
1002 1326 1078 1405 peda

88 1411 262 1492 rpprehenso
271 1411 441 1471 detinerent.
456 1411 545 1471 Acus
554 1411 827 1488 cuihaocmirasint,
842 1412 980 1487 litigatori
989 1409 1076 1471 Grae·

88 1496 146 1555 :ulo
161 1511 218 1554 vor
227 1496 255 1553 in
262 1495 451 1554 altercatione
466 1495 587 1555 excidit:
605 1489 672 1556 Kal
683 1484 726 1555 σὺ
738 1491 847 1575 γέρων
860 1486 1076 1576 εἶκαὶμωρός.

88 1580 211 1659 Equitem
226 1578 339 1656 quidem
355 1579 513 1639 Romanum
528 1579 717 1639 obscenitatis
733 1581 761 1638 in
777 1580 897 1641 feminas
912 1598 1009 1656 reum,
1025 1578 1078 1638 sed

88 1664 153 1724 also
172 1671 202 1721 et
216 1662 251 1722 ab
269 1663 474 1741 impotentibus
490 1664 609 1722 inimicis
627 1664 752 1722 conficto
769 1666 901 1742 crimine,
925 1666 995 1723 satis
1010 1679 1076 1722 con·

88 1756 146 1823 utut,
170 1764 233 1805 cum
254 1755 352 1806 scorta
373 1747 520 1806 meritoria
541 1747 622 1806 citari
643 1746 782 1806 adversus
804 1767 837 1807 se
858 1757 887 1807 et
910 1747 1001 1807 audiri
1023 1762 1077 1824 pro

88 1832 241 1891 estimonio
254 1829 376 1906 videret,
390 1829 541 1908 graphium
554 1839 582 1889 et
592 1830 719 1907 libellos,
733 1848 805 1911 quos
816 1831 932 1890 tenebat
944 1833 972 1890 in
983 1847 1076 1906 manu,

88 1925 116 1975 ta
131 1932 196 1973 curu
209 1931 313 1990 magna
331 1913 467 1972 stultitiae
483 1923 512 1972 et
529 1915 666 1974 saevitiae
683 1914 910 1992 exprobratione
926 1915 1033 1973 iecisse
1048 1915 1077 1971 iu

88 1999 183 2059 aciem
200 1998 278 2073 eius,
297 2006 327 2056 ut
341 2015 445 2074 genam
460 2014 517 2056 non
533 1997 637 2056 leviter
654 1999 864 2076 perstrinxerit.

141 2081 273 2142 Gessitct
285 2099 449 2156 censuram,
462 2081 651 2140 intermissam
661 2081 707 2139 diu
721 2089 788 2158 post
799 2081 935 2139 Plancum
945 2076 1075 2138 Paulum·
1087 2085 1120 2140 16

88 2184 135 2245 pue
158 2181 312 2234 censores;
339 2164 391 2223 sed
412 2164 485 2224 hanc
507 2180 623 2241 quoque
650 2162 869 2241 inaequabiliter
888 2164 1028 2239 varioque
1049 2169 1079 2220 et

88 2250 173 2310 mimo
188 2257 217 2307 et
232 2255 346 2307 aventu.
379 2248 594 2324 Recognitione
611 2247 735 2324 equiturn
752 2249 885 2306 iuvenem
900 2245 1000 2324 probri
1015 2245 1077 2324 ple·

88 2351 161 2408 rum,
188 2331 240 2391 scd
265 2349 350 2410 quem
372 2340 455 2410 pater
476 2331 707 2410 probatissimum
731 2329 787 2389 sibi
810 2330 986 2404 affirmabat,
1016 2330 1078 2388 sine

88 2416 234 2497 gnominia
246 2415 364 2492 dimisit,
380 2413 494 2474 babere
505 2414 605 2474 dicens
621 2432 777 2474 censorem
788 2432 896 2485 suurn·
914 2414 998 2474 alium
1014 2430 1066 2472 cor

88 2500 200 2580 uptelis
222 2499 427 2577 adulteriisque
453 2499 592 2558 famosum
613 2499 681 2557 nihil
705 2499 826 2578 amplius
849 2517 933 2578 quam
959 2497 1077 2572 monuit,

88 2591 112 2645 rt
127 2589 183 2644 aut
192 2583 325 2660 parcius
340 2582 497 2642 aetatulae
514 2582 686 2662 indulgeret
700 2590 755 2643 aut
768 2589 850 2644 certe
864 2583 986 2644 caudas
992 2607 1007 2652 ,·
1029 2579 1077 2639 ad-

88 2668 222 2745 liditquc:
246 2664 352 2738 Quare
366 2666 443 2725 enirn
460 2685 515 2745 epo
530 2667 610 2741 scia,
628 2683 719 2744 quarn
735 2669 866 2728 amicum
881 2666 1022 2727 babeas?
1041 2663 1079 2722 Et

88 2769 160 2827 tum,
187 2751 333 2810 orantibus
355 2750 556 2826 familiaribus,
586 2750 759 2829 dempsisset
785 2752 895 2811 cuidam
916 2748 1078 2828 appositam

88 2845 191 2910 rotam,
205 2831 315 2894 Litura
326 2841 441 2910 tamen,
455 2835 558 2912 inquit,
576 2836 674 2894 extet!
688 2835 874 2912 Splendidam
886 2834 976 2892 virum
990 2830 1077 2892 Grae·

88 2921 202 2996 :iacque
221 2919 389 2997 provinciae
410 2919 585 2996 principem,
610 2936 711 2977 verum
733 2919 823 2978 Latini
840 2918 980 2978 sermonis
997 2916 1077 2991 igna-

88 3022 156 3078 um,
180 3019 236 3061 non
257 3002 344 3062 modo
366 3001 433 3061 albo
457 3000 580 3060 iudicum
603 3003 703 3078 erasit,
729 3002 824 3062 sedin
842 3001 1079 3080 peregrinitatem

88 3086 204 3163 edegit.
222 3085 286 3144 Nec
302 3103 471 3164 quemquam
486 3087 538 3144 nisi
555 3105 605 3146 sua
619 3103 703 3161 voce,
719 3094 871 3163 utcumque
887 3084 950 3160 quis
966 3088 1078 3161 posset,

88 3187 113 3233 tc
128 3171 191 3229 sine
207 3178 329 3247 patrono
349 3171 489 3229 rationem
510 3171 586 3228 vitae
602 3187 705 3247 passus
729 3177 773 3228 est
794 3166 927 3227 reddere.
950 3166 1079 3226 Notavit·

88 3273 136 3334 pue
152 3253 272 3329 multos,
289 3262 319 3312 et
333 3253 471 3332 quosdam
485 3253 657 3331 inopinantis
673 3261 702 3311 et
718 3271 755 3312 ex
768 3269 854 3312 causa
867 3252 935 3309 novi
948 3251 1078 3329 generis,

88 3337 157 3418 {uod
173 3355 206 3396 se
221 3337 313 3396 inscio
330 3355 364 3397 ac
382 3340 443 3397 sine
466 3346 625 3397 commeatu
649 3335 731 3396 ltalia
750 3336 961 3406 excessissent;
991 3353 1078 3416 quen-

88 3423 144 3482 lam
159 3439 231 3482 vero
248 3429 277 3480 et
293 3421 370 3501 quod
385 3438 483 3480 comes
498 3422 578 3498 regis
593 3422 621 3479 in
638 3421 787 3498 provincia
801 3420 920 3497 luisset,
935 3421 1078 3484 referens.

88 3507 218 3565 unionum
234 3505 411 3584 temporibus
430 3505 549 3565 Rabirio
565 3504 719 3582 Postumo,
743 3504 938 3565 Ptolemaeum
953 3505 1070 3564 blenau·
