2286 3944
140 192 201 256 298
411 199 441 247 c.
466 195 630 246 suaronu
653 193 872 253 andnuman

128 361 231 422 “tribus
255 356 409 419 carminum
429 351 512 412 libris
533 370 571 410 ex
591 350 681 427 longo
702 349 858 408 intervallo
875 358 1012 427 quartum
1029 349 1140 416 addere;

140 456 208 524 post
228 443 386 503 Sermones
406 453 478 496 vero
498 435 638 514 quosdam
659 434 754 493 lectos
774 433 883 492 nullam
909 435 955 492 sui
978 435 1140 492 mentionem

141 528 267 589 habitam
283 527 322 584 ita
340 523 377 581 sit
396 530 530 599 questus:
553 516 659 578 Irasci
672 535 720 577 me
739 516 796 577 libi
811 517 908 594 scito,
932 518 1021 596 quod
1041 517 1140 578 nonin

140 612 297 691 plerisque
312 609 378 667 eius
397 604 481 666 modi
494 603 623 680 scriptis
639 619 755 662 mecum
774 601 970 680 potissimum
990 601 1140 680 loquaris·

143 715 185 757 on
199 693 318 754 vereris
331 710 370 752 ne
385 688 473 768 opud
484 695 629 766 posteros
644 685 760 764 inferne
773 684 830 745 tibi
844 685 901 762 sit,
919 685 1006 763 quod
1015 684 1142 745 videaris

141 777 314 859 familiaris
325 774 416 836 nobis
431 774 521 833 esse?
557 769 771 848 Expressitque
787 767 931 845 Eulogam
949 770 987 829 ad
1003 788 1053 844 se,
1073 770 1141 828 cuins

144 865 251 924 initium
267 869 327 921 est:

299 948 337 1003 Cu
384 952 422 1002 tot
434 947 569 1001 sustineas
584 950 609 998 et
624 949 699 997 tanta
713 945 821 1014 negotio
835 943 922 1010 solus,-

298 1032 342 1086 Re
370 1030 459 1086 Italus
477 1030 563 1085 urmes
578 1030 687 1095 tuteris,
706 1027 826 1082 moribus
842 1041 934 1096 ornes,

298 1115 414 1187 Leuibus
429 1114 570 1168 emendes:
591 1114 619 1166 in
628 1111 742 1182 publico
756 1111 897 1166 commodo
909 1125 1034 1183 peccem,

299 1198 331 1253 Si
344 1201 422 1270 lonoo
441 1211 568 1253 sermone
585 1210 678 1250 morer
691 1203 740 1250 tuo
755 1203 894 1266 temporo,
910 1194 1028 1251 Caesar.

209 1278 311 1338 Habitu
340 1278 474 1353 corporis
501 1276 554 1334 luit
580 1275 678 1334 brevis
704 1284 790 1353 atque
812 1273 937 1351 obesus,
969 1275 1063 1353 qualis
1087 1283 1142 1334 eta

146 1363 319 1438 semetipso
336 1361 363 1419 in
380 1360 481 1419 Satiris
498 1358 672 1418 describitur
689 1368 718 1418 et
735 1358 771 1418 ab
786 1358 921 1434 Augusto
939 1359 996 1418 hac
1012 1359 1142 1437 epistola:

146 1444 275 1506 Pertulit
298 1443 342 1503 od
364 1461 411 1502 me
439 1440 574 1521 Onysius
596 1441 730 1503 libellum
752 1448 850 1517 tuum,
882 1459 971 1521 quen
997 1461 1052 1522 eoo
1074 1449 1107 1502 ut
1130 1459 1142 1500 o

148 1534 315 1602 causante,
350 1527 646 1607 quantuluscumque
667 1533 728 1602 est,
765 1524 838 1586 boni
864 1527 1005 1589 consulo.
1050 1525 1142 1586 Vereri

147 1618 248 1672 autem
262 1611 338 1670 mibi
358 1611 476 1671 videris
494 1629 533 1670 ne
552 1611 690 1670 maiores
706 1609 803 1671 libelli
822 1609 867 1670 tui
883 1609 962 1686 sint,
980 1629 1072 1690 quum
1086 1612 1142 1688 ipse

148 1713 181 1756 es
190 1719 204 1765 ,·
234 1694 291 1755 sed
304 1694 360 1755 tibi
373 1701 499 1755 stoturo
514 1694 612 1771 deest,
635 1695 853 1772 corpusculum
871 1712 933 1754 non
953 1694 1050 1756 deest.
1087 1693 1141 1754 lto·

146 1798 204 1860 que
232 1778 335 1840 licebit
357 1779 390 1839 in
411 1778 586 1839 secturiolo
606 1777 748 1855 scribas,
773 1784 808 1838 ut
828 1778 977 1838 circuitus
992 1778 1141 1840 voluminis

147 1864 192 1924 lui
203 1863 245 1924 sit
258 1853 522 1943 ὀγκωδέστατος,
543 1862 622 1923 sieut
640 1869 687 1922 est
701 1861 866 1922 oenbiouli
877 1853 943 2013 tmb

213 1949 259 2008 Ad
274 1967 322 2008 res
340 1947 483 2007 Venerius
498 1947 737 2024 intemperantior
754 1946 887 2014 traditum
907 1946 918 2024 1
939 1964 985 2006 am
1002 1948 1141 2027 speculato

148 2033 283 2093 cubiculo
300 2042 398 2093 scoria
413 2032 517 2093 dicitur
531 2030 668 2090 habuisse
687 2030 843 2108 disposita,
860 2038 890 2088 ut
905 2047 1090 2110 quocumque
1106 2050 1141 2090 re·

146 2119 296 2195 spexisset
318 2115 357 2176 ibi
382 2118 408 2177 ei
430 2117 526 2192 imago
542 2117 634 2174 coitus
651 2113 835 2192 referretur]
865 2112 945 2174 Vixit
959 2115 1111 2193 plurimum
1123 2117 1141 2174 in

146 2219 269 2261 secessu
290 2201 365 2259 ruris
388 2201 431 2259 sui
451 2200 549 2259 Sabini
569 2208 617 2258 aut
632 2197 788 2274 Tiburtini,
810 2198 970 2276 domusque
994 2201 1140 2260 ostenditur

147 2288 224 2344 circa
249 2282 368 2343 Tiburni
395 2283 531 2344 luculum.
562 2282 712 2342 Venerunt
737 2283 766 2342 in
790 2299 889 2341 manus
916 2301 997 2343 meas
1020 2293 1048 2343 et
1068 2283 1139 2360 Eleg

146 2367 199 2427 sub
222 2367 304 2426 titulo
327 2369 389 2426 eius
412 2377 441 2427 et
457 2367 581 2446 epistola
597 2384 685 2445 prosa
701 2368 831 2427 oratione
848 2369 929 2445 quasi
951 2368 1140 2428 commendan-

146 2452 181 2509 tis
197 2469 229 2509 se
247 2447 425 2527 Maecenati,
445 2451 497 2511 sed
515 2460 637 2530 utraque
652 2450 727 2510 falsa
748 2459 834 2529 put0;
856 2469 920 2510 nam
943 2451 1032 2529 Eiegi
1052 2453 1140 2530 vulga

145 2552 208 2602 res,
226 2533 350 2611 epistola
369 2536 455 2593 etiam
473 2534 616 2610 obscura,
635 2552 691 2611 quo
707 2535 777 2594 vitio
791 2535 906 2594 minime
923 2536 1087 2596 tenebatur.

207 2615 298 2676 Natus
321 2627 366 2676 est
386 2617 436 2677 Vl.
461 2616 530 2678 Idus
551 2617 726 2678 Decembris
745 2618 776 2678 b.
799 2617 884 2678 Gutta
905 2629 935 2679 et
954 2619 986 2679 L.
1005 2618 1139 2699 Torquati

147 2700 331 2778 consulibus,
354 2702 482 2761 decessit
504 2701 539 2760 V.
556 2701 603 2761 itt.
625 2701 796 2763 Decembris
814 2700 846 2762 0.
863 2702 973 2764 biarcio
991 2702 1139 2765 Censorini

146 2796 175 2846 et
197 2783 230 2845 G.
249 2785 351 2846 Asinio
374 2786 458 2847 Gallo
482 2786 650 2846 consulibus
673 2797 740 2864 post
764 2805 870 2848 nonum
894 2797 924 2848 et
946 2790 1139 2868 quinquagesi

145 2889 220 2930 mum
236 2888 354 2946 annum,
371 2870 482 2931 herede
498 2870 631 2947 Augusto
650 2871 743 2949 palam
758 2880 935 2952 nuncupato,
954 2890 1019 2931 oum
1031 2882 1139 2950 urgenti

146 2956 174 3014 vi
191 2955 355 3014 valitudinis
379 2973 438 3014 nou
459 2955 609 3015 sufficeret
623 2955 659 3015 ad
674 2956 870 3033 obsignandas
885 2959 1051 3017 testamenti
1072 2957 1139 3017 tabu

146 3037 199 3098 las.
238 3037 375 3100 Humatus
391 3050 419 3100 et
435 3040 566 3101 conditus
590 3049 634 3099 est
655 3041 792 3100 extremis
814 3039 954 3118 Esquiliis
975 3041 1055 3102 iuxta
1073 3040 1139 3100 Mae·

147 3125 258 3182 cenatis
280 3125 426 3184 tumulum.
449 3123 566 3185 Ecstot
579 3123 732 3185 boeeoito
752 3125 784 3186 in
801 3123 1014 3203 compluribus
1028 3124 1138 3187 Horati

148 3205 322 3284 codicibus,
350 3208 431 3270 unde
453 3208 574 3287 primus
598 3209 731 3286 protulit
749 3209 953 3288 Suetonioque
982 3208 1137 3271 uindicaui

146 3288 256 3350 Petrus
269 3289 411 3352 Nunnius
426 3310 456 3352 u.
475 3301 563 3354 1548.

205 3372 345 3431 Αειηίῑῖιιε
360 3376 459 3436 Macer
473 3376 654 3436 Veronensis
671 3386 759 3454 poeta
777 3377 805 3436 in
820 3375 891 3436 Asia
906 3377 1027 3438 moritur
1038 3396 1066 3439 a.
1086 3384 1137 3438 738

211 3453 321 3503 ‘ivm-⁴·
361 3459 419 3508 Van
455 3462 573 3519 rescitur
587 3461 615 3517 in
632 3459 760 3526 retronis
784 3477 815 3522 a.
841 3468 906 3522 712.
928 3467 985 3521 713
1004 3505 1013 3523 .
1033 3507 1041 3522 .
1060 3507 1066 3521 .
1087 3459 1137 3520 Ori
