<?xml version="1.0" encoding="UTF-8"?>
<!DOCTYPE html PUBLIC "-//W3C//DTD XHTML 1.0 Transitional//EN"
    "http://www.w3.org/TR/xhtml1/DTD/xhtml1-transitional.dtd">
<html xmlns="http://www.w3.org/1999/xhtml" xml:lang="en" lang="en">
 <head>
  <title>
</title>
<meta http-equiv="Content-Type" content="text/html;charset=utf-8" />
  <meta name='ocr-system' content='tesseract 3.04.00' />
  <meta name='ocr-capabilities' content='ocr_page ocr_carea ocr_par ocr_line ocrx_word'/>
</head>
<body>
  <div class='ocr_page' id='page_1' title='image "./csuetonitranqui01suetgoog_0232.png"; bbox 0 0 2256 3930; ppageno 0'>
   <div class='ocr_carea' id='block_1_1' title="bbox 520 231 759 281">
    <p class='ocr_par' dir='ltr' id='par_1_1' title="bbox 520 231 759 281">
     <span class='ocr_line' id='line_1_1' title="bbox 520 231 759 281; baseline 0.017 -4"><span class='ocrx_word' id='word_1_1' title='bbox 520 231 549 278; x_wconf 75' lang='lat' dir='ltr'><strong>C·</strong></span> <span class='ocrx_word' id='word_1_2' title='bbox 574 232 759 281; x_wconf 76' lang='lat' dir='ltr'><strong>CALIGULA·</strong></span> 
     </span>
    </p>
   </div>
   <div class='ocr_carea' id='block_1_2' title="bbox 135 385 1125 633">
    <p class='ocr_par' dir='ltr' id='par_1_2' title="bbox 135 385 1125 633">
     <span class='ocr_line' id='line_1_2' title="bbox 135 385 1125 464; baseline 0.001 -17"><span class='ocrx_word' id='word_1_3' title='bbox 135 387 309 464; x_wconf 81' lang='lat' dir='ltr'><strong>Transitque</strong></span> <span class='ocrx_word' id='word_1_4' title='bbox 326 386 361 445; x_wconf 94' lang='lat' dir='ltr'><strong>ad</strong></span> <span class='ocrx_word' id='word_1_5' title='bbox 372 386 526 446; x_wconf 81' lang='lat' dir='ltr'><strong>Antoniam</strong></span> <span class='ocrx_word' id='word_1_6' title='bbox 537 388 629 447; x_wconf 88' lang='lat' dir='ltr'><strong>aviam</strong></span> <span class='ocrx_word' id='word_1_7' title='bbox 645 395 674 445; x_wconf 89' lang='lat' dir='ltr'><strong>et</strong></span> <span class='ocrx_word' id='word_1_8' title='bbox 686 385 921 446; x_wconf 86' lang='lat' dir='ltr'><strong>undevicensimo</strong></span> <span class='ocrx_word' id='word_1_9' title='bbox 934 389 1037 446; x_wconf 89' lang='lat' dir='ltr'><strong>aetatis</strong></span> <span class='ocrx_word' id='word_1_10' title='bbox 1051 405 1125 448; x_wconf 93' lang='lat' dir='ltr'><strong>anno</strong></span> 
     </span>
     <span class='ocr_line' id='line_1_3' title="bbox 135 468 1124 549; baseline 0.001 -19"><span class='ocrx_word' id='word_1_11' title='bbox 135 473 247 530; x_wconf 89' lang='lat' dir='ltr'><strong>accitus</strong></span> <span class='ocrx_word' id='word_1_12' title='bbox 264 468 393 548; x_wconf 82' lang='lat' dir='ltr'><strong>Capreas</strong></span> <span class='ocrx_word' id='word_1_13' title='bbox 412 488 427 530; x_wconf 90' lang='lat' dir='ltr'><strong>a</strong></span> <span class='ocrx_word' id='word_1_14' title='bbox 448 469 576 547; x_wconf 81' lang='lat' dir='ltr'><strong>Tiberio,</strong></span> <span class='ocrx_word' id='word_1_15' title='bbox 593 487 650 529; x_wconf 93' lang='lat' dir='ltr'><strong>uno</strong></span> <span class='ocrx_word' id='word_1_16' title='bbox 666 479 751 549; x_wconf 89' lang='lat' dir='ltr'><strong>atque</strong></span> <span class='ocrx_word' id='word_1_17' title='bbox 768 470 872 530; x_wconf 91' lang='lat' dir='ltr'><strong>eodem</strong></span> <span class='ocrx_word' id='word_1_18' title='bbox 887 470 933 530; x_wconf 89' lang='lat' dir='ltr'><strong>die</strong></span> <span class='ocrx_word' id='word_1_19' title='bbox 949 481 1047 548; x_wconf 90' lang='lat' dir='ltr'><strong>togam</strong></span> <span class='ocrx_word' id='word_1_20' title='bbox 1063 489 1124 549; x_wconf 88' lang='lat' dir='ltr'><strong>sum</strong></span> 
     </span>
     <span class='ocr_line' id='line_1_4' title="bbox 136 553 1122 633; baseline 0.003 -20"><span class='ocrx_word' id='word_1_21' title='bbox 136 556 194 633; x_wconf 94' lang='lat' dir='ltr'><strong>psit</strong></span> <span class='ocrx_word' id='word_1_22' title='bbox 206 553 382 633; x_wconf 84' lang='lat' dir='ltr'><strong>barbamque</strong></span> <span class='ocrx_word' id='word_1_23' title='bbox 397 555 502 632; x_wconf 79' lang='lat' dir='ltr'><strong>posuit,</strong></span> <span class='ocrx_word' id='word_1_24' title='bbox 519 555 580 613; x_wconf 90' lang='lat' dir='ltr'><strong>sine</strong></span> <span class='ocrx_word' id='word_1_25' title='bbox 591 553 651 613; x_wconf 91' lang='lat' dir='ltr'><strong>ullo</strong></span> <span class='ocrx_word' id='word_1_26' title='bbox 663 553 773 614; x_wconf 89' lang='lat' dir='ltr'><strong>bonore</strong></span> <span class='ocrx_word' id='word_1_27' title='bbox 788 554 881 633; x_wconf 83' lang='lat' dir='ltr'><strong>qualis</strong></span> <span class='ocrx_word' id='word_1_28' title='bbox 893 556 1055 632; x_wconf 77' lang='lat' dir='ltr'><strong>contigerat</strong></span> <span class='ocrx_word' id='word_1_29' title='bbox 1067 557 1122 616; x_wconf 90' lang='lat' dir='ltr'><strong>tiro</strong></span> 
     </span>
    </p>
   </div>
   <div class='ocr_carea' id='block_1_3' title="bbox 86 637 1128 3567">
    <p class='ocr_par' dir='ltr' id='par_1_3' title="bbox 98 637 1128 2039">
     <span class='ocr_line' id='line_1_5' title="bbox 137 637 1124 717; baseline 0.004 -21"><span class='ocrx_word' id='word_1_30' title='bbox 137 640 213 697; x_wconf 93' lang='lat' dir='ltr'><strong>cinio</strong></span> <span class='ocrx_word' id='word_1_31' title='bbox 236 638 356 697; x_wconf 86' lang='lat' dir='ltr'><strong>fratrum</strong></span> <span class='ocrx_word' id='word_1_32' title='bbox 378 641 449 697; x_wconf 87' lang='lat' dir='ltr'><strong>eius.</strong></span> <span class='ocrx_word' id='word_1_33' title='bbox 494 637 549 698; x_wconf 91' lang='lat' dir='ltr'><strong>llic</strong></span> <span class='ocrx_word' id='word_1_34' title='bbox 570 637 701 698; x_wconf 89' lang='lat' dir='ltr'><strong>omnibus</strong></span> <span class='ocrx_word' id='word_1_35' title='bbox 718 637 828 698; x_wconf 85' lang='lat' dir='ltr'><strong>insidiis</strong></span> <span class='ocrx_word' id='word_1_36' title='bbox 843 647 997 717; x_wconf 89' lang='lat' dir='ltr'><strong>temptatus</strong></span> <span class='ocrx_word' id='word_1_37' title='bbox 1018 639 1124 700; x_wconf 92' lang='lat' dir='ltr'><strong>clicien</strong></span> 
     </span>
     <span class='ocr_line' id='line_1_6' title="bbox 105 721 1122 802; baseline 0.005 -23"><span class='ocrx_word' id='word_1_38' title='bbox 105 740 120 779; x_wconf 80' lang='lat' dir='ltr'><strong>c</strong></span> <span class='ocrx_word' id='word_1_39' title='bbox 136 725 204 782; x_wconf 91' lang='lat' dir='ltr'><strong>tium</strong></span> <span class='ocrx_word' id='word_1_40' title='bbox 225 723 448 801; x_wconf 82' lang='lat' dir='ltr'><strong>cogentiumque</strong></span> <span class='ocrx_word' id='word_1_41' title='bbox 463 741 496 782; x_wconf 90' lang='lat' dir='ltr'><strong>se</strong></span> <span class='ocrx_word' id='word_1_42' title='bbox 518 721 554 782; x_wconf 91' lang='lat' dir='ltr'><strong>ad</strong></span> <span class='ocrx_word' id='word_1_43' title='bbox 571 722 715 800; x_wconf 87' lang='lat' dir='ltr'><strong>querelas,</strong></span> <span class='ocrx_word' id='word_1_44' title='bbox 735 722 841 782; x_wconf 93' lang='lat' dir='ltr'><strong>nullam</strong></span> <span class='ocrx_word' id='word_1_45' title='bbox 855 741 987 802; x_wconf 90' lang='lat' dir='ltr'><strong>umquam</strong></span> <span class='ocrx_word' id='word_1_46' title='bbox 1003 726 1122 784; x_wconf 91' lang='lat' dir='ltr'><strong>occasio</strong></span> 
     </span>
     <span class='ocr_line' id='line_1_7' title="bbox 136 805 1128 886; baseline 0.003 -21"><span class='ocrx_word' id='word_1_47' title='bbox 136 824 200 865; x_wconf 91' lang='lat' dir='ltr'><strong>nem</strong></span> <span class='ocrx_word' id='word_1_48' title='bbox 217 805 304 882; x_wconf 82' lang='lat' dir='ltr'><strong>dedit,</strong></span> <span class='ocrx_word' id='word_1_49' title='bbox 322 806 440 883; x_wconf 87' lang='lat' dir='ltr'><strong>perinde</strong></span> <span class='ocrx_word' id='word_1_50' title='bbox 452 806 606 874; x_wconf 86' lang='lat' dir='ltr'><strong>obliterato</strong></span> <span class='ocrx_word' id='word_1_51' title='bbox 619 822 735 865; x_wconf 89' lang='lat' dir='ltr'><strong>suorum</strong></span> <span class='ocrx_word' id='word_1_52' title='bbox 749 824 818 866; x_wconf 89' lang='lat' dir='ltr'><strong>casu</strong></span> <span class='ocrx_word' id='word_1_53' title='bbox 830 825 866 866; x_wconf 91' lang='lat' dir='ltr'><strong>ao</strong></span> <span class='ocrx_word' id='word_1_54' title='bbox 882 809 907 866; x_wconf 92' lang='lat' dir='ltr'><strong>si</strong></span> <span class='ocrx_word' id='word_1_55' title='bbox 922 807 991 867; x_wconf 91' lang='lat' dir='ltr'><strong>nihil</strong></span> <span class='ocrx_word' id='word_1_56' title='bbox 1005 808 1106 886; x_wconf 92' lang='lat' dir='ltr'><strong>cuiqua</strong></span> <span class='ocrx_word' id='word_1_57' title='bbox 1124 834 1128 860; x_wconf 79' lang='grc' dir='ltr'>ι</span> 
     </span>
     <span class='ocr_line' id='line_1_8' title="bbox 136 889 1128 968; baseline 0 -18"><span class='ocrx_word' id='word_1_58' title='bbox 136 889 305 959; x_wconf 90' lang='lat' dir='ltr'><strong>accidisset;</strong></span> <span class='ocrx_word' id='word_1_59' title='bbox 316 907 391 968; x_wconf 91' lang='lat' dir='ltr'><strong>quae</strong></span> <span class='ocrx_word' id='word_1_60' title='bbox 402 907 474 951; x_wconf 87' lang='lat' dir='ltr'><strong>vero</strong></span> <span class='ocrx_word' id='word_1_61' title='bbox 485 891 550 968; x_wconf 90' lang='lat' dir='ltr'><strong>ipse</strong></span> <span class='ocrx_word' id='word_1_62' title='bbox 563 898 722 968; x_wconf 88' lang='lat' dir='ltr'><strong>pateretur,</strong></span> <span class='ocrx_word' id='word_1_63' title='bbox 735 890 897 950; x_wconf 82' lang='lat' dir='ltr'><strong>incredibili</strong></span> <span class='ocrx_word' id='word_1_64' title='bbox 910 890 1128 951; x_wconf 89' lang='lat' dir='ltr'><strong>dissimulation</strong></span> 
     </span>
     <span class='ocr_line' id='line_1_9' title="bbox 136 973 1123 1053; baseline 0.001 -20"><span class='ocrx_word' id='word_1_65' title='bbox 136 975 331 1033; x_wconf 88' lang='lat' dir='ltr'><strong>transmittens</strong></span> <span class='ocrx_word' id='word_1_66' title='bbox 345 976 475 1053; x_wconf 84' lang='lat' dir='ltr'><strong>tantique</strong></span> <span class='ocrx_word' id='word_1_67' title='bbox 490 975 518 1033; x_wconf 92' lang='lat' dir='ltr'><strong>in</strong></span> <span class='ocrx_word' id='word_1_68' title='bbox 533 992 617 1034; x_wconf 84' lang='lat' dir='ltr'><strong>avum</strong></span> <span class='ocrx_word' id='word_1_69' title='bbox 633 983 662 1033; x_wconf 90' lang='lat' dir='ltr'><strong>et</strong></span> <span class='ocrx_word' id='word_1_70' title='bbox 681 976 729 1053; x_wconf 94' lang='lat' dir='ltr'><strong>qui</strong></span> <span class='ocrx_word' id='word_1_71' title='bbox 749 975 829 1034; x_wconf 83' lang='lat' dir='ltr'><strong>iuxta</strong></span> <span class='ocrx_word' id='word_1_72' title='bbox 844 984 925 1035; x_wconf 88' lang='lat' dir='ltr'><strong>erant</strong></span> <span class='ocrx_word' id='word_1_73' title='bbox 941 973 1091 1053; x_wconf 88' lang='lat' dir='ltr'><strong>obsequii,</strong></span> <span class='ocrx_word' id='word_1_74' title='bbox 1106 995 1123 1034; x_wconf 96' lang='lat' dir='ltr'><strong>u</strong></span> 
     </span>
     <span class='ocr_line' id='line_1_10' title="bbox 136 1057 1128 1135; baseline 0.001 -17"><span class='ocrx_word' id='word_1_75' title='bbox 136 1076 193 1118; x_wconf 94' lang='lat' dir='ltr'><strong>non</strong></span> <span class='ocrx_word' id='word_1_76' title='bbox 208 1058 349 1117; x_wconf 89' lang='lat' dir='ltr'><strong>immerito</strong></span> <span class='ocrx_word' id='word_1_77' title='bbox 368 1059 404 1117; x_wconf 89' lang='lat' dir='ltr'><strong>sit</strong></span> <span class='ocrx_word' id='word_1_78' title='bbox 419 1058 534 1135; x_wconf 89' lang='lat' dir='ltr'><strong>dictum,</strong></span> <span class='ocrx_word' id='word_1_79' title='bbox 557 1076 614 1118; x_wconf 87' lang='lat' dir='ltr'><strong>oeo</strong></span> <span class='ocrx_word' id='word_1_80' title='bbox 630 1075 752 1118; x_wconf 83' lang='lat' dir='ltr'><strong>servom</strong></span> <span class='ocrx_word' id='word_1_81' title='bbox 770 1057 927 1119; x_wconf 83' lang='lat' dir='ltr'><strong>meliorem</strong></span> <span class='ocrx_word' id='word_1_82' title='bbox 941 1058 1055 1135; x_wconf 83' lang='lat' dir='ltr'><strong>cllum,</strong></span> <span class='ocrx_word' id='word_1_83' title='bbox 1080 1077 1128 1119; x_wconf 87' lang='lat' dir='ltr'><strong>oe</strong></span> 
     </span>
     <span class='ocr_line' id='line_1_11' title="bbox 100 1141 1128 1221; baseline 0 -19"><span class='ocrx_word' id='word_1_84' title='bbox 100 1162 125 1202; x_wconf 91' lang='lat' dir='ltr'><strong>m</strong></span> <span class='ocrx_word' id='word_1_85' title='bbox 138 1141 319 1202; x_wconf 83' lang='lat' dir='ltr'><strong>deteriorem</strong></span> <span class='ocrx_word' id='word_1_86' title='bbox 337 1141 493 1203; x_wconf 79' lang='lat' dir='ltr'><strong>dominum</strong></span> <span class='ocrx_word' id='word_1_87' title='bbox 511 1141 620 1220; x_wconf 74' lang='lat' dir='ltr'><strong>fuisse.</strong></span> <span class='ocrx_word' id='word_1_88' title='bbox 655 1142 791 1203; x_wconf 90' lang='lat' dir='ltr'><strong>Naturam</strong></span> <span class='ocrx_word' id='word_1_89' title='bbox 805 1151 901 1202; x_wconf 88' lang='lat' dir='ltr'><strong>tamen</strong></span> <span class='ocrx_word' id='word_1_90' title='bbox 915 1161 1032 1203; x_wconf 84' lang='lat' dir='ltr'><strong>saevam</strong></span> <span class='ocrx_word' id='word_1_91' title='bbox 1049 1151 1128 1221; x_wconf 86' lang='lat' dir='ltr'><strong>atqu</strong></span> 
     </span>
     <span class='ocr_line' id='line_1_12' title="bbox 137 1225 1123 1306; baseline 0.003 -22"><span class='ocrx_word' id='word_1_92' title='bbox 137 1225 309 1305; x_wconf 86' lang='lat' dir='ltr'><strong>probrosam</strong></span> <span class='ocrx_word' id='word_1_93' title='bbox 325 1244 361 1285; x_wconf 90' lang='lat' dir='ltr'><strong>ne</strong></span> <span class='ocrx_word' id='word_1_94' title='bbox 376 1236 444 1286; x_wconf 92' lang='lat' dir='ltr'><strong>tunc</strong></span> <span class='ocrx_word' id='word_1_95' title='bbox 462 1227 577 1304; x_wconf 89' lang='lat' dir='ltr'><strong>quidam</strong></span> <span class='ocrx_word' id='word_1_96' title='bbox 593 1226 724 1286; x_wconf 90' lang='lat' dir='ltr'><strong>inhibere</strong></span> <span class='ocrx_word' id='word_1_97' title='bbox 739 1234 866 1305; x_wconf 89' lang='lat' dir='ltr'><strong>poterat,</strong></span> <span class='ocrx_word' id='word_1_98' title='bbox 882 1229 950 1306; x_wconf 91' lang='lat' dir='ltr'><strong>quin</strong></span> <span class='ocrx_word' id='word_1_99' title='bbox 966 1236 996 1286; x_wconf 92' lang='lat' dir='ltr'><strong>et</strong></span> <span class='ocrx_word' id='word_1_100' title='bbox 1011 1227 1123 1287; x_wconf 89' lang='lat' dir='ltr'><strong>animad</strong></span> 
     </span>
     <span class='ocr_line' id='line_1_13' title="bbox 136 1309 1123 1390; baseline 0 -21"><span class='ocrx_word' id='word_1_101' title='bbox 136 1309 318 1369; x_wconf 88' lang='lat' dir='ltr'><strong>versionibus</strong></span> <span class='ocrx_word' id='word_1_102' title='bbox 334 1312 495 1389; x_wconf 86' lang='lat' dir='ltr'><strong>poenisque</strong></span> <span class='ocrx_word' id='word_1_103' title='bbox 510 1310 546 1370; x_wconf 93' lang='lat' dir='ltr'><strong>ad</strong></span> <span class='ocrx_word' id='word_1_104' title='bbox 561 1310 733 1390; x_wconf 92' lang='lat' dir='ltr'><strong>supplicium</strong></span> <span class='ocrx_word' id='word_1_105' title='bbox 750 1311 879 1371; x_wconf 90' lang='lat' dir='ltr'><strong>datorum</strong></span> <span class='ocrx_word' id='word_1_106' title='bbox 895 1310 1079 1390; x_wconf 87' lang='lat' dir='ltr'><strong>cupidissime</strong></span> <span class='ocrx_word' id='word_1_107' title='bbox 1095 1312 1123 1369; x_wconf 88' lang='lat' dir='ltr'><strong>in</strong></span> 
     </span>
     <span class='ocr_line' id='line_1_14' title="bbox 136 1395 1123 1473; baseline 0.002 -21"><span class='ocrx_word' id='word_1_108' title='bbox 136 1402 280 1470; x_wconf 88' lang='lat' dir='ltr'><strong>teresset,</strong></span> <span class='ocrx_word' id='word_1_109' title='bbox 306 1403 334 1454; x_wconf 89' lang='lat' dir='ltr'><strong>et</strong></span> <span class='ocrx_word' id='word_1_110' title='bbox 356 1412 466 1471; x_wconf 77' lang='lat' dir='ltr'><strong>ganeas</strong></span> <span class='ocrx_word' id='word_1_111' title='bbox 489 1403 575 1473; x_wconf 92' lang='lat' dir='ltr'><strong>atque</strong></span> <span class='ocrx_word' id='word_1_112' title='bbox 591 1395 732 1455; x_wconf 91' lang='lat' dir='ltr'><strong>adulteria</strong></span> <span class='ocrx_word' id='word_1_113' title='bbox 754 1395 956 1473; x_wconf 87' lang='lat' dir='ltr'><strong>capillamento</strong></span> <span class='ocrx_word' id='word_1_114' title='bbox 980 1395 1123 1455; x_wconf 89' lang='lat' dir='ltr'><strong>celatuse</strong></span> 
     </span>
     <span class='ocr_line' id='line_1_15' title="bbox 135 1477 1128 1557; baseline 0.001 -21"><span class='ocrx_word' id='word_1_115' title='bbox 135 1487 219 1537; x_wconf 89' lang='lat' dir='ltr'><strong>veste</strong></span> <span class='ocrx_word' id='word_1_116' title='bbox 234 1477 323 1554; x_wconf 86' lang='lat' dir='ltr'><strong>longa</strong></span> <span class='ocrx_word' id='word_1_117' title='bbox 339 1477 472 1538; x_wconf 89' lang='lat' dir='ltr'><strong>noctibus</strong></span> <span class='ocrx_word' id='word_1_118' title='bbox 489 1478 593 1556; x_wconf 90' lang='lat' dir='ltr'><strong>obiret,</strong></span> <span class='ocrx_word' id='word_1_119' title='bbox 607 1496 642 1538; x_wconf 90' lang='lat' dir='ltr'><strong>ac</strong></span> <span class='ocrx_word' id='word_1_120' title='bbox 658 1481 810 1538; x_wconf 91' lang='lat' dir='ltr'><strong>scaenicas</strong></span> <span class='ocrx_word' id='word_1_121' title='bbox 822 1478 943 1539; x_wconf 89' lang='lat' dir='ltr'><strong>saltandi</strong></span> <span class='ocrx_word' id='word_1_122' title='bbox 956 1479 1128 1557; x_wconf 90' lang='lat' dir='ltr'><strong>canendiqu</strong></span> 
     </span>
     <span class='ocr_line' id='line_1_16' title="bbox 100 1561 1122 1641; baseline 0 -20"><span class='ocrx_word' id='word_1_123' title='bbox 100 1584 126 1625; x_wconf 78' lang='lat' dir='ltr'><strong>rs</strong></span> <span class='ocrx_word' id='word_1_124' title='bbox 136 1571 213 1622; x_wconf 85' lang='lat' dir='ltr'><strong>artes</strong></span> <span class='ocrx_word' id='word_1_125' title='bbox 237 1561 447 1621; x_wconf 89' lang='lat' dir='ltr'><strong>studiosissime</strong></span> <span class='ocrx_word' id='word_1_126' title='bbox 470 1571 638 1641; x_wconf 82' lang='lat' dir='ltr'><strong>appeteret:</strong></span> <span class='ocrx_word' id='word_1_127' title='bbox 669 1562 756 1623; x_wconf 92' lang='lat' dir='ltr'><strong>facile</strong></span> <span class='ocrx_word' id='word_1_128' title='bbox 782 1563 811 1622; x_wconf 93' lang='lat' dir='ltr'><strong>id</strong></span> <span class='ocrx_word' id='word_1_129' title='bbox 832 1581 901 1624; x_wconf 90' lang='lat' dir='ltr'><strong>sane</strong></span> <span class='ocrx_word' id='word_1_130' title='bbox 922 1562 1040 1623; x_wconf 84' lang='lat' dir='ltr'><strong>Tiberio</strong></span> <span class='ocrx_word' id='word_1_131' title='bbox 1062 1563 1122 1641; x_wconf 90' lang='lat' dir='ltr'><strong>pati</strong></span> 
     </span>
     <span class='ocr_line' id='line_1_17' title="bbox 136 1646 1124 1726; baseline 0 -21"><span class='ocrx_word' id='word_1_132' title='bbox 136 1655 213 1721; x_wconf 90' lang='lat' dir='ltr'><strong>ente,</strong></span> <span class='ocrx_word' id='word_1_133' title='bbox 239 1647 262 1704; x_wconf 95' lang='lat' dir='ltr'><strong>si</strong></span> <span class='ocrx_word' id='word_1_134' title='bbox 286 1664 341 1724; x_wconf 91' lang='lat' dir='ltr'><strong>per</strong></span> <span class='ocrx_word' id='word_1_135' title='bbox 363 1646 415 1705; x_wconf 91' lang='lat' dir='ltr'><strong>has</strong></span> <span class='ocrx_word' id='word_1_136' title='bbox 439 1647 623 1706; x_wconf 89' lang='lat' dir='ltr'><strong>mansuefieri</strong></span> <span class='ocrx_word' id='word_1_137' title='bbox 646 1656 749 1726; x_wconf 92' lang='lat' dir='ltr'><strong>posset</strong></span> <span class='ocrx_word' id='word_1_138' title='bbox 772 1647 865 1706; x_wconf 87' lang='lat' dir='ltr'><strong>ferum</strong></span> <span class='ocrx_word' id='word_1_139' title='bbox 890 1650 952 1706; x_wconf 90' lang='lat' dir='ltr'><strong>eius</strong></span> <span class='ocrx_word' id='word_1_140' title='bbox 977 1647 1124 1724; x_wconf 90' lang='lat' dir='ltr'><strong>ingenium</strong></span> 
     </span>
     <span class='ocr_line' id='line_1_18' title="bbox 137 1729 1121 1809; baseline 0.002 -21"><span class='ocrx_word' id='word_1_141' title='bbox 137 1729 221 1803; x_wconf 82' lang='lat' dir='ltr'><strong>Quod</strong></span> <span class='ocrx_word' id='word_1_142' title='bbox 239 1731 443 1806; x_wconf 89' lang='lat' dir='ltr'><strong>sagacissimus</strong></span> <span class='ocrx_word' id='word_1_143' title='bbox 456 1748 548 1790; x_wconf 87' lang='lat' dir='ltr'><strong>senex</strong></span> <span class='ocrx_word' id='word_1_144' title='bbox 563 1731 602 1790; x_wconf 91' lang='lat' dir='ltr'><strong>ita</strong></span> <span class='ocrx_word' id='word_1_145' title='bbox 620 1748 741 1809; x_wconf 89' lang='lat' dir='ltr'><strong>prorsus</strong></span> <span class='ocrx_word' id='word_1_146' title='bbox 758 1740 962 1809; x_wconf 83' lang='lat' dir='ltr'><strong>perspexerat,</strong></span> <span class='ocrx_word' id='word_1_147' title='bbox 978 1739 1009 1790; x_wconf 92' lang='lat' dir='ltr'><strong>ut</strong></span> <span class='ocrx_word' id='word_1_148' title='bbox 1024 1730 1121 1809; x_wconf 92' lang='lat' dir='ltr'><strong>aliquo</strong></span> 
     </span>
     <span class='ocr_line' id='line_1_19' title="bbox 135 1813 1128 1892; baseline 0.004 -22"><span class='ocrx_word' id='word_1_149' title='bbox 135 1815 209 1872; x_wconf 93' lang='lat' dir='ltr'><strong>tiens</strong></span> <span class='ocrx_word' id='word_1_150' title='bbox 224 1813 415 1891; x_wconf 91' lang='lat' dir='ltr'><strong>praedicaret,</strong></span> <span class='ocrx_word' id='word_1_151' title='bbox 433 1815 521 1873; x_wconf 86' lang='lat' dir='ltr'><strong>exitio</strong></span> <span class='ocrx_word' id='word_1_152' title='bbox 538 1832 590 1873; x_wconf 92' lang='lat' dir='ltr'><strong>suo</strong></span> <span class='ocrx_word' id='word_1_153' title='bbox 606 1815 787 1892; x_wconf 91' lang='lat' dir='ltr'><strong>omniumque</strong></span> <span class='ocrx_word' id='word_1_154' title='bbox 808 1814 907 1875; x_wconf 84' lang='lat' dir='ltr'><strong>Gaium</strong></span> <span class='ocrx_word' id='word_1_155' title='bbox 930 1815 1032 1873; x_wconf 84' lang='lat' dir='ltr'><strong>vivere</strong></span> <span class='ocrx_word' id='word_1_156' title='bbox 1051 1823 1081 1874; x_wconf 90' lang='lat' dir='ltr'><strong>et</strong></span> <span class='ocrx_word' id='word_1_157' title='bbox 1101 1834 1128 1874; x_wconf 75' lang='lat' dir='ltr'><strong>s:</strong></span> 
     </span>
     <span class='ocr_line' id='line_1_20' title="bbox 133 1897 1121 1976; baseline 0.004 -22"><span class='ocrx_word' id='word_1_158' title='bbox 133 1897 271 1956; x_wconf 91' lang='lat' dir='ltr'><strong>natricem</strong></span> <span class='ocrx_word' id='word_1_159' title='bbox 292 1898 449 1975; x_wconf 89' lang='lat' dir='ltr'><strong>[serpentis</strong></span> <span class='ocrx_word' id='word_1_160' title='bbox 464 1898 493 1957; x_wconf 95' lang='lat' dir='ltr'><strong>id</strong></span> <span class='ocrx_word' id='word_1_161' title='bbox 508 1899 613 1976; x_wconf 83' lang='lat' dir='ltr'><strong>genus]</strong></span> <span class='ocrx_word' id='word_1_162' title='bbox 631 1898 662 1957; x_wconf 87' lang='lat' dir='ltr'><strong>P.</strong></span> <span class='ocrx_word' id='word_1_163' title='bbox 683 1899 718 1958; x_wconf 88' lang='lat' dir='ltr'><strong>R.</strong></span> <span class='ocrx_word' id='word_1_164' title='bbox 738 1898 948 1958; x_wconf 90' lang='lat' dir='ltr'><strong>Phaethontem</strong></span> <span class='ocrx_word' id='word_1_165' title='bbox 964 1898 1028 1957; x_wconf 90' lang='lat' dir='ltr'><strong>orbi</strong></span> <span class='ocrx_word' id='word_1_166' title='bbox 1042 1907 1121 1958; x_wconf 89' lang='lat' dir='ltr'><strong>terra</strong></span> 
     </span>
     <span class='ocr_line' id='line_1_21' title="bbox 98 1980 515 2039; baseline 0.014 -6"><span class='ocrx_word' id='word_1_167' title='bbox 98 1994 122 2035; x_wconf 76' lang='lat' dir='ltr'><strong>ao</strong></span> <span class='ocrx_word' id='word_1_168' title='bbox 133 2000 193 2038; x_wconf 92' lang='lat' dir='ltr'><strong>rum</strong></span> <span class='ocrx_word' id='word_1_169' title='bbox 211 1980 345 2039; x_wconf 90' lang='lat' dir='ltr'><strong>educare.</strong></span> <span class='ocrx_word' id='word_1_170' title='bbox 511 2020 515 2027; x_wconf 86' lang='lat'><em>-</em></span> 
     </span>
    </p>

    <p class='ocr_par' dir='ltr' id='par_1_4' title="bbox 130 2063 1127 2394">
     <span class='ocr_line' id='line_1_22' title="bbox 193 2063 1122 2142; baseline 0.004 -22"><span class='ocrx_word' id='word_1_171' title='bbox 193 2063 259 2121; x_wconf 91' lang='lat' dir='ltr'><strong>Non</strong></span> <span class='ocrx_word' id='word_1_172' title='bbox 281 2065 319 2122; x_wconf 92' lang='lat' dir='ltr'><strong>ita</strong></span> <span class='ocrx_word' id='word_1_173' title='bbox 338 2065 427 2122; x_wconf 89' lang='lat' dir='ltr'><strong>multo</strong></span> <span class='ocrx_word' id='word_1_174' title='bbox 450 2072 518 2142; x_wconf 87' lang='lat' dir='ltr'><strong>post</strong></span> <span class='ocrx_word' id='word_1_175' title='bbox 534 2064 642 2123; x_wconf 89' lang='lat' dir='ltr'><strong>Iuniam</strong></span> <span class='ocrx_word' id='word_1_176' title='bbox 660 2063 829 2124; x_wconf 83' lang='lat' dir='ltr'><strong>Claudillam</strong></span> <span class='ocrx_word' id='word_1_177' title='bbox 849 2065 887 2124; x_wconf 88' lang='grc' dir='ltr'><strong>Μ.</strong></span> <span class='ocrx_word' id='word_1_178' title='bbox 906 2065 996 2124; x_wconf 88' lang='lat' dir='ltr'><strong>Silani</strong></span> <span class='ocrx_word' id='word_1_179' title='bbox 1014 2063 1122 2124; x_wconf 90' lang='lat' dir='ltr'><strong>nobilis</strong></span> 
     </span>
     <span class='ocr_line' id='line_1_23' title="bbox 132 2146 1123 2224; baseline 0.001 -18"><span class='ocrx_word' id='word_1_180' title='bbox 132 2148 195 2206; x_wconf 90' lang='lat' dir='ltr'><strong>simi</strong></span> <span class='ocrx_word' id='word_1_181' title='bbox 212 2147 266 2205; x_wconf 83' lang='lat' dir='ltr'><strong>viri</strong></span> <span class='ocrx_word' id='word_1_182' title='bbox 280 2146 314 2205; x_wconf 87' lang='lat' dir='ltr'><strong>F.</strong></span> <span class='ocrx_word' id='word_1_183' title='bbox 334 2147 413 2206; x_wconf 72' lang='lat' dir='ltr'><strong>duxit</strong></span> <span class='ocrx_word' id='word_1_184' title='bbox 429 2165 559 2206; x_wconf 84' lang='lat' dir='ltr'><strong>uxorem.</strong></span> <span class='ocrx_word' id='word_1_185' title='bbox 587 2147 700 2206; x_wconf 84' lang='lat' dir='ltr'><strong>Deinde</strong></span> <span class='ocrx_word' id='word_1_186' title='bbox 716 2165 807 2224; x_wconf 88' lang='lat' dir='ltr'><strong>augur</strong></span> <span class='ocrx_word' id='word_1_187' title='bbox 819 2149 847 2206; x_wconf 92' lang='lat' dir='ltr'><strong>in</strong></span> <span class='ocrx_word' id='word_1_188' title='bbox 862 2149 959 2208; x_wconf 92' lang='lat' dir='ltr'><strong>locum</strong></span> <span class='ocrx_word' id='word_1_189' title='bbox 976 2149 1075 2207; x_wconf 85' lang='lat' dir='ltr'><strong>fratris</strong></span> <span class='ocrx_word' id='word_1_190' title='bbox 1090 2166 1123 2207; x_wconf 91' lang='lat' dir='ltr'><strong>su</strong></span> 
     </span>
     <span class='ocr_line' id='line_1_24' title="bbox 130 2229 1127 2310; baseline -0.005 -20"><span class='ocrx_word' id='word_1_191' title='bbox 130 2231 220 2290; x_wconf 90' lang='lat' dir='ltr'><strong>Drusi</strong></span> <span class='ocrx_word' id='word_1_192' title='bbox 236 2229 409 2306; x_wconf 87' lang='lat' dir='ltr'><strong>destinatus,</strong></span> <span class='ocrx_word' id='word_1_193' title='bbox 430 2232 510 2309; x_wconf 92' lang='lat' dir='ltr'><strong>prius</strong></span> <span class='ocrx_word' id='word_1_194' title='bbox 528 2249 612 2308; x_wconf 89' lang='lat' dir='ltr'><strong>quarn</strong></span> <span class='ocrx_word' id='word_1_195' title='bbox 633 2231 854 2307; x_wconf 86' lang='lat' dir='ltr'><strong>inauguraretur</strong></span> <span class='ocrx_word' id='word_1_196' title='bbox 878 2231 914 2291; x_wconf 90' lang='lat' dir='ltr'><strong>ad</strong></span> <span class='ocrx_word' id='word_1_197' title='bbox 938 2232 1106 2310; x_wconf 88' lang='lat' dir='ltr'><strong>pontificatu</strong></span> <span class='ocrx_word' id='word_1_198' title='bbox 1123 2258 1127 2285; x_wconf 91' lang='lat' dir='ltr'><strong>t</strong></span> 
     </span>
     <span class='ocr_line' id='line_1_25' title="bbox 131 2313 1121 2394; baseline 0.002 -21"><span class='ocrx_word' id='word_1_199' title='bbox 131 2313 280 2373; x_wconf 88' lang='lat' dir='ltr'><strong>traductus</strong></span> <span class='ocrx_word' id='word_1_200' title='bbox 295 2323 340 2372; x_wconf 89' lang='lat' dir='ltr'><strong>est</strong></span> <span class='ocrx_word' id='word_1_201' title='bbox 358 2315 462 2391; x_wconf 85' lang='lat' dir='ltr'><strong>insigni</strong></span> <span class='ocrx_word' id='word_1_202' title='bbox 480 2315 645 2374; x_wconf 90' lang='lat' dir='ltr'><strong>testimonio</strong></span> <span class='ocrx_word' id='word_1_203' title='bbox 668 2315 785 2392; x_wconf 90' lang='lat' dir='ltr'><strong>pietatis</strong></span> <span class='ocrx_word' id='word_1_204' title='bbox 802 2324 889 2394; x_wconf 90' lang='lat' dir='ltr'><strong>atque</strong></span> <span class='ocrx_word' id='word_1_205' title='bbox 910 2315 1031 2393; x_wconf 88' lang='lat' dir='ltr'><strong>indolis,</strong></span> <span class='ocrx_word' id='word_1_206' title='bbox 1059 2334 1121 2375; x_wconf 90' lang='lat' dir='ltr'><strong>cum</strong></span> 
     </span>
    </p>

    <p class='ocr_par' dir='ltr' id='par_1_5' title="bbox 86 2397 1128 3567">
     <span class='ocr_line' id='line_1_26' title="bbox 92 2397 1128 2476; baseline 0.006 -24"><span class='ocrx_word' id='word_1_207' title='bbox 92 2408 119 2452; x_wconf 75' lang='lat' dir='ltr'><strong>tc</strong></span> <span class='ocrx_word' id='word_1_208' title='bbox 131 2398 248 2456; x_wconf 90' lang='lat' dir='ltr'><strong>deserta</strong></span> <span class='ocrx_word' id='word_1_209' title='bbox 265 2397 453 2476; x_wconf 91' lang='lat' dir='ltr'><strong>desolataque</strong></span> <span class='ocrx_word' id='word_1_210' title='bbox 469 2397 589 2476; x_wconf 89' lang='lat' dir='ltr'><strong>reliquis</strong></span> <span class='ocrx_word' id='word_1_211' title='bbox 612 2397 748 2458; x_wconf 88' lang='lat' dir='ltr'><strong>subsidiis</strong></span> <span class='ocrx_word' id='word_1_212' title='bbox 763 2399 837 2475; x_wconf 90' lang='lat' dir='ltr'><strong>aula,</strong></span> <span class='ocrx_word' id='word_1_213' title='bbox 861 2400 966 2459; x_wconf 89' lang='lat' dir='ltr'><strong>Seiano</strong></span> <span class='ocrx_word' id='word_1_214' title='bbox 988 2401 1044 2459; x_wconf 90' lang='lat' dir='ltr'><strong>iam</strong></span> <span class='ocrx_word' id='word_1_215' title='bbox 1067 2409 1128 2458; x_wconf 94' lang='lat' dir='ltr'><strong>tun</strong></span> 
     </span>
     <span class='ocr_line' id='line_1_27' title="bbox 131 2482 1120 2562; baseline 0.004 -23"><span class='ocrx_word' id='word_1_216' title='bbox 131 2489 272 2558; x_wconf 90' lang='lat' dir='ltr'><strong>suspecto</strong></span> <span class='ocrx_word' id='word_1_217' title='bbox 284 2498 353 2541; x_wconf 85' lang='lat' dir='ltr'><strong>mox</strong></span> <span class='ocrx_word' id='word_1_218' title='bbox 365 2490 394 2540; x_wconf 87' lang='lat' dir='ltr'><strong>et</strong></span> <span class='ocrx_word' id='word_1_219' title='bbox 405 2499 562 2560; x_wconf 89' lang='lat' dir='ltr'><strong>oppresso,</strong></span> <span class='ocrx_word' id='word_1_220' title='bbox 576 2482 612 2542; x_wconf 93' lang='lat' dir='ltr'><strong>ad</strong></span> <span class='ocrx_word' id='word_1_221' title='bbox 628 2500 710 2560; x_wconf 91' lang='lat' dir='ltr'><strong>spem</strong></span> <span class='ocrx_word' id='word_1_222' title='bbox 722 2483 919 2543; x_wconf 90' lang='lat' dir='ltr'><strong>successionis</strong></span> <span class='ocrx_word' id='word_1_223' title='bbox 934 2483 1070 2562; x_wconf 93' lang='lat' dir='ltr'><strong>paulatim</strong></span> <span class='ocrx_word' id='word_1_224' title='bbox 1085 2483 1120 2544; x_wconf 92' lang='lat' dir='ltr'><strong>ad</strong></span> 
     </span>
     <span class='ocr_line' id='line_1_28' title="bbox 130 2564 1128 2645; baseline 0.004 -23"><span class='ocrx_word' id='word_1_225' title='bbox 130 2574 311 2624; x_wconf 40' lang='lat' dir='ltr'><strong>moveretur,</strong></span> <span class='ocrx_word' id='word_1_226' title='bbox 352 2564 443 2639; x_wconf 85' lang='lat' dir='ltr'><strong>Quam</strong></span> <span class='ocrx_word' id='word_1_227' title='bbox 467 2582 524 2644; x_wconf 96' lang='lat' dir='ltr'><strong>quo</strong></span> <span class='ocrx_word' id='word_1_228' title='bbox 547 2567 640 2643; x_wconf 85' lang='lat' dir='ltr'><strong>magis</strong></span> <span class='ocrx_word' id='word_1_229' title='bbox 662 2567 860 2645; x_wconf 89' lang='lat' dir='ltr'><strong>confirmaret,</strong></span> <span class='ocrx_word' id='word_1_230' title='bbox 881 2569 985 2628; x_wconf 91' lang='lat' dir='ltr'><strong>amissa</strong></span> <span class='ocrx_word' id='word_1_231' title='bbox 1001 2567 1081 2628; x_wconf 92' lang='lat' dir='ltr'><strong>lunia</strong></span> <span class='ocrx_word' id='word_1_232' title='bbox 1095 2586 1128 2626; x_wconf 49' lang='lat' dir='ltr'><strong>e¹</strong></span> 
     </span>
     <span class='ocr_line' id='line_1_29' title="bbox 130 2646 1120 2730; baseline 0.004 -26"><span class='ocrx_word' id='word_1_233' title='bbox 130 2657 225 2727; x_wconf 91' lang='lat' dir='ltr'><strong>partu,</strong></span> <span class='ocrx_word' id='word_1_234' title='bbox 240 2646 362 2709; x_wconf 87' lang='lat' dir='ltr'><strong>Enniam</strong></span> <span class='ocrx_word' id='word_1_235' title='bbox 376 2648 526 2726; x_wconf 89' lang='lat' dir='ltr'><strong>Naeviam,</strong></span> <span class='ocrx_word' id='word_1_236' title='bbox 542 2649 687 2710; x_wconf 85' lang='lat' dir='ltr'><strong>Macronis</strong></span> <span class='ocrx_word' id='word_1_237' title='bbox 704 2667 834 2729; x_wconf 87' lang='lat' dir='ltr'><strong>uxorem,</strong></span> <span class='ocrx_word' id='word_1_238' title='bbox 855 2653 975 2730; x_wconf 92' lang='lat' dir='ltr'><strong>quitum</strong></span> <span class='ocrx_word' id='word_1_239' title='bbox 991 2652 1120 2729; x_wconf 89' lang='lat' dir='ltr'><strong>praetori</strong></span> 
     </span>
     <span class='ocr_line' id='line_1_30' title="bbox 130 2731 1128 2814; baseline 0.001 -23"><span class='ocrx_word' id='word_1_240' title='bbox 130 2732 195 2791; x_wconf 89' lang='lat' dir='ltr'><strong>anis</strong></span> <span class='ocrx_word' id='word_1_241' title='bbox 211 2731 378 2791; x_wconf 87' lang='lat' dir='ltr'><strong>cohortibus</strong></span> <span class='ocrx_word' id='word_1_242' title='bbox 391 2743 537 2810; x_wconf 86' lang='lat' dir='ltr'><strong>praeerat,</strong></span> <span class='ocrx_word' id='word_1_243' title='bbox 551 2734 717 2793; x_wconf 87' lang='lat' dir='ltr'><strong>sollicitavit</strong></span> <span class='ocrx_word' id='word_1_244' title='bbox 729 2733 765 2793; x_wconf 91' lang='lat' dir='ltr'><strong>ad</strong></span> <span class='ocrx_word' id='word_1_245' title='bbox 780 2745 920 2814; x_wconf 87' lang='lat' dir='ltr'><strong>stuprum,</strong></span> <span class='ocrx_word' id='word_1_246' title='bbox 937 2734 1086 2812; x_wconf 88' lang='lat' dir='ltr'><strong>pollicitus</strong></span> <span class='ocrx_word' id='word_1_247' title='bbox 1103 2751 1128 2792; x_wconf 88' lang='lat' dir='ltr'><strong>e</strong></span> 
     </span>
     <span class='ocr_line' id='line_1_31' title="bbox 86 2816 1128 2896; baseline 0.005 -26"><span class='ocrx_word' id='word_1_248' title='bbox 86 2825 119 2868; x_wconf 75' lang='lat' dir='ltr'><strong>oo</strong></span> <span class='ocrx_word' id='word_1_249' title='bbox 130 2816 339 2875; x_wconf 90' lang='lat' dir='ltr'><strong>matrimonium</strong></span> <span class='ocrx_word' id='word_1_250' title='bbox 361 2835 456 2893; x_wconf 91' lang='lat' dir='ltr'><strong>suum,</strong></span> <span class='ocrx_word' id='word_1_251' title='bbox 477 2819 501 2875; x_wconf 91' lang='lat' dir='ltr'><strong>si</strong></span> <span class='ocrx_word' id='word_1_252' title='bbox 523 2819 632 2896; x_wconf 89' lang='lat' dir='ltr'><strong>potitus</strong></span> <span class='ocrx_word' id='word_1_253' title='bbox 651 2817 773 2895; x_wconf 89' lang='lat' dir='ltr'><strong>imperio</strong></span> <span class='ocrx_word' id='word_1_254' title='bbox 798 2819 914 2887; x_wconf 90' lang='lat' dir='ltr'><strong>luisset;</strong></span> <span class='ocrx_word' id='word_1_255' title='bbox 936 2818 1031 2896; x_wconf 90' lang='lat' dir='ltr'><strong>deque</strong></span> <span class='ocrx_word' id='word_1_256' title='bbox 1047 2834 1083 2876; x_wconf 89' lang='lat' dir='ltr'><strong>ea</strong></span> <span class='ocrx_word' id='word_1_257' title='bbox 1098 2834 1128 2875; x_wconf 79' lang='lat' dir='ltr'><strong>r-</strong></span> 
     </span>
     <span class='ocr_line' id='line_1_32' title="bbox 131 2899 1126 2980; baseline 0.003 -25"><span class='ocrx_word' id='word_1_258' title='bbox 131 2907 162 2956; x_wconf 89' lang='lat' dir='ltr'><strong>et</strong></span> <span class='ocrx_word' id='word_1_259' title='bbox 177 2899 238 2956; x_wconf 92' lang='lat' dir='ltr'><strong>iure</strong></span> <span class='ocrx_word' id='word_1_260' title='bbox 256 2899 376 2958; x_wconf 91' lang='lat' dir='ltr'><strong>iurando</strong></span> <span class='ocrx_word' id='word_1_261' title='bbox 400 2908 429 2959; x_wconf 92' lang='lat' dir='ltr'><strong>et</strong></span> <span class='ocrx_word' id='word_1_262' title='bbox 452 2899 648 2980; x_wconf 87' lang='lat' dir='ltr'><strong>chirographo</strong></span> <span class='ocrx_word' id='word_1_263' title='bbox 669 2902 754 2960; x_wconf 82' lang='lat' dir='ltr'><strong>cavit.</strong></span> <span class='ocrx_word' id='word_1_264' title='bbox 799 2901 856 2962; x_wconf 89' lang='lat' dir='ltr'><strong>Per</strong></span> <span class='ocrx_word' id='word_1_265' title='bbox 877 2902 951 2960; x_wconf 92' lang='lat' dir='ltr'><strong>hanc</strong></span> <span class='ocrx_word' id='word_1_266' title='bbox 972 2902 1126 2959; x_wconf 87' lang='lat' dir='ltr'><strong>insinuato</strong></span> 
     </span>
     <span class='ocr_line' id='line_1_33' title="bbox 129 2981 1118 3063; baseline 0 -22"><span class='ocrx_word' id='word_1_267' title='bbox 129 2981 273 3058; x_wconf 86' lang='lat' dir='ltr'><strong>Macroni,</strong></span> <span class='ocrx_word' id='word_1_268' title='bbox 288 3000 402 3042; x_wconf 85' lang='lat' dir='ltr'><strong>veneno</strong></span> <span class='ocrx_word' id='word_1_269' title='bbox 419 2982 565 3043; x_wconf 83' lang='lat' dir='ltr'><strong>Tiberium</strong></span> <span class='ocrx_word' id='word_1_270' title='bbox 580 2984 737 3061; x_wconf 87' lang='lat' dir='ltr'><strong>adgressus</strong></span> <span class='ocrx_word' id='word_1_271' title='bbox 753 2993 811 3062; x_wconf 91' lang='lat' dir='ltr'><strong>est,</strong></span> <span class='ocrx_word' id='word_1_272' title='bbox 833 2993 864 3043; x_wconf 88' lang='lat' dir='ltr'><strong>ut</strong></span> <span class='ocrx_word' id='word_1_273' title='bbox 879 2984 992 3063; x_wconf 91' lang='lat' dir='ltr'><strong>quidam</strong></span> <span class='ocrx_word' id='word_1_274' title='bbox 1011 2984 1118 3061; x_wconf 91' lang='lat' dir='ltr'><strong>opinan</strong></span> 
     </span>
     <span class='ocr_line' id='line_1_34' title="bbox 129 3066 1117 3145; baseline 0.002 -23"><span class='ocrx_word' id='word_1_275' title='bbox 129 3075 186 3142; x_wconf 90' lang='lat' dir='ltr'><strong>tur,</strong></span> <span class='ocrx_word' id='word_1_276' title='bbox 204 3066 381 3144; x_wconf 89' lang='lat' dir='ltr'><strong>spirantique</strong></span> <span class='ocrx_word' id='word_1_277' title='bbox 398 3066 491 3126; x_wconf 90' lang='lat' dir='ltr'><strong>adhuc</strong></span> <span class='ocrx_word' id='word_1_278' title='bbox 512 3067 624 3127; x_wconf 91' lang='lat' dir='ltr'><strong>detrahi</strong></span> <span class='ocrx_word' id='word_1_279' title='bbox 640 3067 753 3126; x_wconf 91' lang='lat' dir='ltr'><strong>anulum</strong></span> <span class='ocrx_word' id='word_1_280' title='bbox 769 3077 813 3144; x_wconf 91' lang='lat' dir='ltr'><strong>et,</strong></span> <span class='ocrx_word' id='word_1_281' title='bbox 837 3068 970 3145; x_wconf 92' lang='lat' dir='ltr'><strong>quoniam</strong></span> <span class='ocrx_word' id='word_1_282' title='bbox 989 3067 1117 3144; x_wconf 90' lang='lat' dir='ltr'><strong>suspicio</strong></span> 
     </span>
     <span class='ocr_line' id='line_1_35' title="bbox 130 3149 1119 3229; baseline 0.003 -23"><span class='ocrx_word' id='word_1_283' title='bbox 130 3166 197 3207; x_wconf 91' lang='lat' dir='ltr'><strong>nem</strong></span> <span class='ocrx_word' id='word_1_284' title='bbox 212 3150 362 3209; x_wconf 89' lang='lat' dir='ltr'><strong>retinentis</strong></span> <span class='ocrx_word' id='word_1_285' title='bbox 381 3149 483 3225; x_wconf 86' lang='lat' dir='ltr'><strong>dabat,</strong></span> <span class='ocrx_word' id='word_1_286' title='bbox 501 3151 646 3229; x_wconf 83' lang='lat' dir='ltr'><strong>pulvinum</strong></span> <span class='ocrx_word' id='word_1_287' title='bbox 661 3151 745 3209; x_wconf 88' lang='lat' dir='ltr'><strong>iussit</strong></span> <span class='ocrx_word' id='word_1_288' title='bbox 760 3151 844 3227; x_wconf 91' lang='lat' dir='ltr'><strong>inici,</strong></span> <span class='ocrx_word' id='word_1_289' title='bbox 867 3160 954 3229; x_wconf 91' lang='lat' dir='ltr'><strong>atque</strong></span> <span class='ocrx_word' id='word_1_290' title='bbox 970 3152 1055 3210; x_wconf 90' lang='lat' dir='ltr'><strong>etiam</strong></span> <span class='ocrx_word' id='word_1_291' title='bbox 1070 3150 1119 3210; x_wconf 90' lang='lat' dir='ltr'><strong>fau</strong></span> 
     </span>
     <span class='ocr_line' id='line_1_36' title="bbox 93 3233 1127 3312; baseline 0.004 -24"><span class='ocrx_word' id='word_1_292' title='bbox 93 3248 123 3288; x_wconf 79' lang='lat' dir='ltr'><strong>ss</strong></span> <span class='ocrx_word' id='word_1_293' title='bbox 133 3249 184 3290; x_wconf 90' lang='lat' dir='ltr'><strong>ces</strong></span> <span class='ocrx_word' id='word_1_294' title='bbox 200 3249 284 3291; x_wconf 92' lang='lat' dir='ltr'><strong>mann</strong></span> <span class='ocrx_word' id='word_1_295' title='bbox 299 3251 350 3293; x_wconf 89' lang='lat' dir='ltr'><strong>sua</strong></span> <span class='ocrx_word' id='word_1_296' title='bbox 365 3234 524 3312; x_wconf 89' lang='lat' dir='ltr'><strong>oppressit,</strong></span> <span class='ocrx_word' id='word_1_297' title='bbox 541 3233 657 3310; x_wconf 91' lang='lat' dir='ltr'><strong>liberto,</strong></span> <span class='ocrx_word' id='word_1_298' title='bbox 675 3234 723 3310; x_wconf 94' lang='lat' dir='ltr'><strong>qui</strong></span> <span class='ocrx_word' id='word_1_299' title='bbox 740 3233 778 3292; x_wconf 95' lang='lat' dir='ltr'><strong>ob</strong></span> <span class='ocrx_word' id='word_1_300' title='bbox 794 3237 976 3296; x_wconf 90' lang='lat' dir='ltr'><strong>atrocitatem</strong></span> <span class='ocrx_word' id='word_1_301' title='bbox 991 3234 1127 3294; x_wconf 80' lang='lat' dir='ltr'><strong>facinori</strong></span> 
     </span>
     <span class='ocr_line' id='line_1_37' title="bbox 130 3314 1124 3394; baseline 0.003 -22"><span class='ocrx_word' id='word_1_302' title='bbox 130 3315 360 3394; x_wconf 87' lang='lat' dir='ltr'><strong>exclamaverat,</strong></span> <span class='ocrx_word' id='word_1_303' title='bbox 384 3318 537 3376; x_wconf 79' lang='lat' dir='ltr'><strong>confestim</strong></span> <span class='ocrx_word' id='word_1_304' title='bbox 556 3317 585 3376; x_wconf 94' lang='lat' dir='ltr'><strong>in</strong></span> <span class='ocrx_word' id='word_1_305' title='bbox 607 3334 723 3375; x_wconf 91' lang='lat' dir='ltr'><strong>crucem</strong></span> <span class='ocrx_word' id='word_1_306' title='bbox 743 3325 819 3378; x_wconf 91' lang='lat' dir='ltr'><strong>acto.</strong></span> <span class='ocrx_word' id='word_1_307' title='bbox 869 3314 934 3376; x_wconf 90' lang='lat' dir='ltr'><strong>Nec</strong></span> <span class='ocrx_word' id='word_1_308' title='bbox 958 3318 1095 3378; x_wconf 90' lang='lat' dir='ltr'><strong>abhorret</strong></span> <span class='ocrx_word' id='word_1_309' title='bbox 1120 3340 1124 3369; x_wconf 74' lang='grc' dir='ltr'>ι</span> 
     </span>
     <span class='ocr_line' id='line_1_38' title="bbox 129 3399 1128 3481; baseline 0.002 -24"><span class='ocrx_word' id='word_1_310' title='bbox 129 3400 264 3476; x_wconf 81' lang='lat' dir='ltr'><strong>veritate,</strong></span> <span class='ocrx_word' id='word_1_311' title='bbox 280 3418 343 3459; x_wconf 91' lang='lat' dir='ltr'><strong>omn</strong></span> <span class='ocrx_word' id='word_1_312' title='bbox 355 3401 411 3460; x_wconf 89' lang='lat' dir='ltr'><strong>sint</strong></span> <span class='ocrx_word' id='word_1_313' title='bbox 426 3401 539 3480; x_wconf 89' lang='lat' dir='ltr'><strong>quidam</strong></span> <span class='ocrx_word' id='word_1_314' title='bbox 552 3408 698 3476; x_wconf 89' lang='lat' dir='ltr'><strong>auctores,</strong></span> <span class='ocrx_word' id='word_1_315' title='bbox 715 3399 809 3478; x_wconf 88' lang='lat' dir='ltr'><strong>ipsum</strong></span> <span class='ocrx_word' id='word_1_316' title='bbox 821 3409 925 3481; x_wconf 85' lang='lat' dir='ltr'><strong>postea</strong></span> <span class='ocrx_word' id='word_1_317' title='bbox 948 3403 1003 3462; x_wconf 90' lang='lat' dir='ltr'><strong>etsi</strong></span> <span class='ocrx_word' id='word_1_318' title='bbox 1017 3419 1076 3462; x_wconf 95' lang='lat' dir='ltr'><strong>non</strong></span> <span class='ocrx_word' id='word_1_319' title='bbox 1093 3399 1128 3459; x_wconf 78' lang='lat' dir='ltr'><strong>d-</strong></span> 
     </span>
     <span class='ocr_line' id='line_1_39' title="bbox 130 3482 1114 3567; baseline 0.002 -27"><span class='ocrx_word' id='word_1_320' title='bbox 130 3483 278 3561; x_wconf 90' lang='lat' dir='ltr'><strong>perfecto,</strong></span> <span class='ocrx_word' id='word_1_321' title='bbox 290 3493 319 3544; x_wconf 93' lang='lat' dir='ltr'><strong>at</strong></span> <span class='ocrx_word' id='word_1_322' title='bbox 331 3493 412 3544; x_wconf 90' lang='lat' dir='ltr'><strong>certe</strong></span> <span class='ocrx_word' id='word_1_323' title='bbox 425 3485 460 3545; x_wconf 93' lang='lat' dir='ltr'><strong>de</strong></span> <span class='ocrx_word' id='word_1_324' title='bbox 475 3485 602 3562; x_wconf 78' lang='lat' dir='ltr'><strong>cogitato</strong></span> <span class='ocrx_word' id='word_1_325' title='bbox 616 3482 759 3562; x_wconf 92' lang='lat' dir='ltr'><strong>quondam</strong></span> <span class='ocrx_word' id='word_1_326' title='bbox 775 3484 929 3564; x_wconf 90' lang='lat' dir='ltr'><strong>parricidio</strong></span> <span class='ocrx_word' id='word_1_327' title='bbox 946 3487 1114 3567; x_wconf 89' lang='lat' dir='ltr'><strong>professum</strong></span> 
     </span>
    </p>
   </div>
   <div class='ocr_carea' id='block_1_4' title="bbox 0 0 1132 3930">
    <p class='ocr_par' dir='ltr' id='par_1_6' title="bbox 0 0 1132 3930">
     <span class='ocr_line' id='line_1_40' title="bbox 0 0 1132 3930; baseline 0 1"><span class='ocrx_word' id='word_1_328' title='bbox 0 0 1132 3930; x_wconf 95' lang='lat' dir='ltr'><strong> </strong></span> 
     </span>
    </p>
   </div>
  </div>
 </body>
</html>
