2256 3930
148 242 190 305 82
233 254 264 303 c.
279 253 430 303 sunroxs
446 254 575 315 naso.
589 255 639 303 os
652 255 735 302 vrrs
751 254 940 304 omnum
954 256 1028 307 uun.
1040 258 1078 306 11.

149 413 339 488 imperasset,
366 426 401 467 ac
427 407 519 468 subita
544 411 698 488 eruptione
719 409 821 471 Ιιοικς
841 429 957 471 omnem
977 414 1025 472 rei
1043 412 1124 474 divina

149 501 320 574 apparatum
334 490 536 568 abstulissent,
553 495 680 552 constitit
694 494 770 554 inter
781 493 971 574 haruspioes,
988 513 1066 576 quae
1079 515 1124 576 per

149 577 250 640 coloss
271 584 301 636 et
325 575 450 635 adversa
474 577 648 636 sacrificanti
667 576 833 639 denuntiata
854 587 973 657 aaut,
1003 590 1124 641 cuncta]

155 664 237 743 ipsos
252 677 389 719 recasura
402 662 450 738 qui
465 669 532 719 exta
546 660 701 729 babereut;
719 679 814 739 neque
827 661 914 723 aliter
928 665 1041 724 evenit
1063 664 1124 725 Prid

148 764 233 828 quam
247 744 428 805 Siciliensem
443 762 568 823 pugnum
585 743 681 803 classe
695 747 897 822 committeret,
914 745 1124 809 deambulandi

148 831 235 890 litore
253 830 343 908 piscis
357 845 374 887 e
389 831 460 888 mari
474 828 584 887 exilivit
598 836 629 887 et
643 827 679 888 ad
693 827 787 906 pedes
803 831 901 889 iacuit.
931 829 1025 908 Apud
1042 831 1124 893 Actio

149 911 337 975 descendenti
356 914 384 971 in
404 914 496 972 aciem
514 911 622 972 asellus
644 930 666 971 cr
678 930 708 970 rn
727 912 853 973 unaue
873 916 1025 992 occurrit,
1052 915 1124 977 bomi

148 996 313 1073 Eutychus,
336 996 448 1056 bestiae
467 994 561 1055 Nicon
583 1004 647 1056 erat
660 1013 779 1065 nomeu;
806 998 955 1076 utriusque
972 999 1124 1062 simulacro

149 1099 269 1143 aeneum
290 1083 384 1140 vietor
404 1082 502 1159 posuit
521 1081 550 1138 in
569 1079 697 1158 templo,
716 1082 745 1139 in
762 1079 841 1158 quod
858 1089 1027 1142 meorum
1042 1101 1124 1144 suoru

147 1167 245 1228 locum
259 1166 354 1225 vertit.

104 1260 139 1316 ot
211 1249 291 1310 llors
309 1264 424 1327 quoqne
438 1248 515 1323 eius,
540 1245 576 1306 de
594 1265 650 1325 qua
663 1245 730 1306 binc
746 1248 857 1325 dicam,
875 1247 1076 1329 &rimasque
1091 1267 1124 1330 po

147 1342 268 1394 mortem
285 1330 508 1391 evidentissimis
522 1332 644 1390 ostentis
659 1335 853 1410 praecognita
868 1340 923 1392 est.
947 1330 1025 1393 (lum
1037 1333 1124 1394 lustru

147 1420 176 1478 ln
198 1432 301 1494 campo
316 1414 419 1475 llartio
446 1431 550 1491 magna
572 1415 674 1492 populi
694 1415 857 1495 frequentia
879 1415 1041 1493 conderet,
1062 1419 1124 1497 aqui

147 1517 212 1561 enm
228 1500 344 1576 saepius
359 1496 591 1574 circumvolavit,
608 1506 850 1579 transgressaque
865 1501 894 1558 in
908 1501 1039 1561 vicinam
1056 1500 1124 1561 aede:

147 1600 236 1662 super
249 1598 353 1641 nomen
363 1580 515 1659 Agrippae
531 1579 566 1640 ad
578 1582 696 1659 primam
708 1582 832 1643 litteram
844 1581 933 1652 sedit;
952 1601 1013 1662 quo
1031 1586 1124 1645 animat

147 1683 234 1727 verso
252 1673 336 1741 vota,
354 1682 428 1743 qnae
445 1665 473 1722 in
490 1665 650 1742 proximum
667 1665 787 1726 lustrum
801 1668 911 1746 suscipi
925 1683 992 1727 mos
1007 1677 1073 1745 est,
1095 1685 1124 1728 co

147 1751 243 1828 legam
264 1767 345 1810 suum
359 1748 503 1808 Tiberium
522 1765 688 1826 nuncupare
705 1750 802 1811 iussit:
829 1768 895 1810 nam
918 1769 971 1826 se,
991 1769 1124 1832 quanquu

147 1834 322 1912 conscriptis
338 1833 504 1911 paratisque
517 1833 572 1890 iam
585 1831 706 1910 tabulis,
722 1836 841 1911 negavit
858 1842 1066 1912 suscepturum
1081 1854 1124 1915 qua

146 1936 203 1978 non
225 1925 306 1978 esset
324 1916 479 1977 soluturus.
516 1915 575 1975 Sub
596 1914 672 1976 idem
692 1925 806 1996 tempus
828 1919 886 1977 ictu
907 1917 1038 1979 fulminis
1062 1921 1124 1980 exi

145 2003 305 2082 scriptione
318 2009 430 2061 statuae
446 2000 507 2060 eius
521 2001 612 2077 prima
628 2001 750 2061 nominis
764 2001 861 2061 littera
878 2001 1007 2071 effluxit;
1031 2021 1124 2082 respo}

145 2105 207 2147 snm
226 2094 281 2162 est,
297 2093 410 2145 centurn
424 2083 505 2143 solos
520 2082 583 2142 dies
598 2084 721 2161 posthae
736 2086 887 2161 victurum,
902 2090 991 2163 quein
1005 2104 1124 2147 numeru

146 2169 169 2232 (l
185 2171 282 2231 littera
303 2177 431 2243 notaret,
452 2168 632 2245 futurumque
647 2176 677 2227 ut
692 2169 768 2227 inter
784 2167 856 2228 deos
870 2168 1053 2247 referretur,
1080 2187 1124 2250 quo

145 2273 245 2330 cesar,
267 2253 296 2312 id
314 2261 359 2312 est
370 2252 482 2330 reliqua
499 2268 566 2330 pars
582 2269 599 2309 e
615 2249 750 2311 Caesaris
765 2253 897 2329 nomine,
912 2250 1042 2314 Etrusca
1059 2255 1124 2332 linp

145 2337 215 2398 deus
231 2345 395 2397 vocaretur.

209 2420 354 2480 Tiberium
378 2421 466 2496 igitur
484 2420 513 2477 in
535 2417 683 2492 illyricum
708 2417 874 2479 dimissurus
900 2428 930 2478 et
950 2419 1124 2482 Benevento

145 2521 237 2581 usque
265 2510 491 2580 prosecuturus,
523 2519 586 2560 cum
614 2501 850 2581 interpellatores
877 2503 942 2562 aliis
973 2512 1065 2583 atque
1091 2505 1124 2565 ali

147 2587 241 2647 causis
256 2587 284 2643 in
302 2586 363 2644 iure
382 2584 505 2644 dicendo
523 2585 699 2662 detinerent,
719 2586 903 2663 exclamavit,
918 2587 997 2665 quod
1014 2598 1046 2647 et
1063 2591 1124 2668 ipsu

145 2687 213 2731 mox
234 2672 308 2728 iuter
328 2669 420 2728 omina
440 2668 560 2727 relatum
584 2678 645 2746 est,
670 2688 748 2744 nort,
771 2669 801 2730 oi
820 2669 924 2731 omnio
937 2678 1124 2733 morareatau

147 2754 280 2834 amplios
294 2770 329 2812 ee
338 2751 473 2830 posthoc
487 2752 605 2812 Romae
618 2751 757 2830 futurum
765 2777 779 2823 ,·
794 2761 880 2832 atque
894 2755 999 2814 itinere
1012 2755 1124 2816 inchoat

145 2842 279 2904 Asturam
299 2838 445 2916 perrexit,
467 2844 497 2896 et
511 2835 593 2914 inde,
614 2845 731 2916 praeter
747 2835 984 2897 consuetudinem
999 2837 1038 2899 de
1055 2847 1124 2900 noct

146 2927 181 2989 ud
204 2923 388 2983 occasionem
403 2938 489 2981 aurae
508 2928 627 2980 evectus
643 2938 758 2980 eausam
772 2919 935 2981 valitudinis
950 2925 1124 2982 contraxite

102 3009 289 3093 osprolluvio
309 3006 375 3065 alvi.
408 3003 488 3065 Tunc
504 3002 678 3082 Campaniae
696 3022 747 3065 ora
763 3006 960 3083 proximisque
974 3006 1080 3067 insulis
1098 3006 1124 3066 ei

147 3096 247 3169 cultis,
265 3090 440 3169 Caprearum
457 3107 572 3167 quoque
590 3089 719 3147 secessui
737 3087 922 3167 quadriduum
936 3089 1090 3167 impendit,
1104 3106 1124 3148 rt

147 3179 314 3240 mississimo
331 3174 467 3234 adolium
483 3181 511 3232 et
527 3171 562 3232 ad
578 3190 689 3231 omnem
706 3173 868 3232 comitatem
883 3172 986 3232 auimo.

209 3263 296 3322 Forte
311 3258 497 3319 Puteolanum
519 3258 609 3314 sinum
632 3255 865 3333 praeteruehenti
878 3265 1016 3314 vectores
1032 3266 1124 3318 nauta

147 3367 202 3428 que
220 3345 334 3404 donavi
352 3342 563 3416 Alexandrina,
586 3358 658 3417 quae
675 3347 781 3398 tantum
796 3339 872 3418 quod
887 3339 1059 3418 appulerat,
1084 3358 1124 3400 car

148 3429 233 3490 didati
262 3429 448 3504 coronatique
470 3435 499 3485 et
519 3434 581 3483 tura
605 3423 727 3483 libantes
749 3423 841 3483 fausta
862 3424 955 3483 omina
977 3431 1006 3482 et
1027 3425 1124 3483 eximia

147 3512 246 3574 laudes
267 3520 490 3588 congesserant,
512 3526 570 3586 per
591 3507 675 3567 illum
694 3526 727 3565 oe
746 3508 864 3583 oium,
882 3524 941 3584 per
960 3505 1046 3567 iilum
1061 3525 1124 3567 nuo
