2256 3930
162 219 248 267 IaVIII
500 216 705 266 PRAEFATIO.

164 385 281 450 generat
296 383 408 450 emptus.
453 376 560 432 librum
578 376 696 431 omnium
713 375 844 448 optimum
864 383 892 433 at
911 377 1064 450 integerri-

164 477 235 519 mum
251 461 443 530 (etiamnunc,
459 458 749 531 postquamGudianus
761 455 897 534 accessit)
913 461 1065 532 diligenter

165 544 374 616 descripserunt
389 549 416 597 at
431 544 605 598 contulerunt
619 542 774 599 ludovicus
790 545 875 600 Iross
894 543 922 600 in
940 545 1065 602 editione

164 629 313 684 Hammone
330 644 355 683 a.
372 631 437 685 1841
450 626 570 695 vulgata,
585 626 657 681 Frid.
675 625 778 682 llilsclrl
793 625 821 682 in
836 625 967 698 I’arergis
983 627 1065 684 -Plan-

164 712 230 767 linis
251 717 305 783 lp.
320 716 386 778 609,
408 711 448 765 lo.
465 708 543 766 lero.
559 709 710 765 llassmann
727 709 762 765 ad
778 709 865 766 Taciti
881 709 1063 769 Germaniam.

206 801 232 854 3.
265 794 443 850 Gudianus
463 798 512 862 93,
540 791 713 862 Guelferbyti
741 792 880 865 repositus
907 793 959 848 cir.
981 793 1066 852 Ebert

163 877 231 934 bibl.
249 877 388 933 Guelferb.
404 893 431 948 p.
451 882 515 944 159,
538 875 667 931 foliorum
687 875 924 947 quaternarIorum
946 883 1065 950 septem,

163 961 292 1034 optimus.
336 960 395 1015 lloa
411 959 501 1030 gratia
516 959 729 1029 diligentissime
747 959 864 1014 contulit
879 959 1066 1018 amicissimus

164 1045 206 1099 vir
224 1043 430 1099 Theodorus
449 1041 615 1097 lloebius
630 1041 790 1114 lipsiensis.

227 1127 373 1182 Praeterea
400 1124 427 1180 iu
443 1123 620 1181 Vaticano
635 1130 718 1194 4498,
743 1126 770 1180 in
787 1142 841 1197 quo
857 1126 998 1182 volumine
1019 1145 1065 1184 su-

164 1227 215 1282 per
229 1211 299 1265 duos
315 1209 402 1264 Taciti
424 1208 535 1264 libellos
559 1206 681 1263 eiusdem
698 1208 847 1279 Agricola,
869 1209 935 1265 item
951 1209 1064 1268 'Plinius

164 1295 200 1349 de
226 1292 294 1350 viris
321 1291 475 1347 illustribus
502 1291 639 1362 multaque
664 1292 717 1347 ulia
745 1291 849 1364 scripta
877 1291 1064 1364 continentur,

163 1378 317 1432 llassnrann
336 1376 451 1430 eundern
470 1374 607 1429 nominum
628 1374 748 1430 indicam
770 1376 922 1446 praedurum
942 1376 1064 1434 inveniri

162 1460 259 1515 refert.
302 1457 359 1513 Nec
381 1458 469 1513 minus
490 1456 517 1512 in
544 1456 787 1529 Neapolitano
809 1458 870 1514 siue
893 1459 1064 1517 Farnesiano

162 1543 233 1598 idem
247 1541 336 1598 videri
356 1541 461 1614 poterit
480 1540 601 1612 scriptus
617 1557 695 1610 esse,
719 1557 778 1596 curn
802 1548 878 1597 certe
899 1541 927 1598 in
943 1541 1064 1600 Tacileis

161 1626 265 1681 libellis
294 1626 435 1697 exemplar
456 1625 524 1680 illud
554 1624 726 1696 superiorum
748 1631 775 1680 el
795 1625 911 1681 maxima
935 1625 1063 1683 Vaticani

163 1716 230 1768 1518
248 1725 341 1765 comes
356 1709 392 1764 sit
411 1713 570 1780 perpetuus.
615 1707 716 1763 Contra
738 1707 856 1764 omissus
871 1713 924 1777 est,
942 1709 1062 1765 consilio

162 1799 228 1864 puto
245 1792 376 1859 editoris,
398 1793 424 1846 in
437 1791 645 1846 FlorenIIna
662 1791 785 1846 editione
806 1809 829 1847 a.
847 1797 929 1856 1178:
946 1807 1063 1864 namque

162 1893 194 1931 ea
217 1892 276 1930 cum
293 1876 373 1931 libr-Is
390 1875 470 1930 modo
487 1873 653 1929 enumeratis
670 1874 775 1946 alioqui
797 1874 960 1948 conspirare
980 1876 1062 1932 solet.

225 1959 280 2013 lam
301 1959 344 2014 lris
361 1957 441 2013 libris
457 1959 571 2013 alterum
590 1957 725 2013 librorum
747 1974 836 2029 genus
852 1959 1005 2031 opponitur
1024 1959 1062 2014 in·

75 2031 109 2059 Μ
162 2043 224 2098 dice
250 2043 299 2097 illo
321 2041 494 2106 destitutum,
523 2057 636 2096 numero
658 2041 761 2110 maius,
785 2042 910 2098 bonitate
935 2042 1063 2098 inferius.

162 2125 318 2196 Diligenter
334 2125 428 2181 collati
445 2130 507 2180 sunt
523 2124 565 2180 lri:

204 2216 228 2266 l.
250 2207 518 2276 Berolinensis‚
535 2207 615 2263 slmul
631 2223 691 2263 curn
707 2208 855 2265 Caesarum
872 2208 938 2266 vilis
954 2211 989 2265 ab
1006 2210 1062 2265 An-

162 2292 239 2347 tonio
256 2291 401 2347 Sinibaldo
419 2290 535 2362 Neapoli
554 2308 578 2346 a.
596 2295 660 2351 1477
676 2293 806 2365 scriptus.
851 2292 917 2348 llius
932 2294 1064 2350 collatio-

162 2391 223 2429 nem
240 2391 292 2430 non
305 2375 484 2444 indiligenter
501 2374 598 2429 iactam
613 2375 683 2432 Frid.
697 2374 789 2432 Osann
801 2382 959 2448 acceperat,
977 2377 1064 2432 multo

163 2458 364 2512 accuratiorem
392 2457 457 2511 mihi
487 2457 560 2512 dono
590 2458 666 2512 dedit
696 2459 899 2531 liudolphus
928 2460 1063 2516 Burck-

162 2541 268 2596 hardt
289 2540 465 2609 Basiliensis‚
488 2546 600 2595 nostrae
627 2540 792 2613 dIsciplinaa
817 2541 931 2598 nonita
953 2543 1063 2615 pridem

162 2624 295 2680 alumnus.
341 2622 399 2678 Non
421 2639 484 2678 esse
500 2625 571 2678 hunc
592 2623 716 2680 codicem
739 2625 907 2697 exscriptum
923 2625 1065 2682 e‘Vcnela

163 2706 287 2762 editione
303 2725 327 2762 a.
346 2711 421 2775 1171,
438 2722 498 2760 cum
514 2723 565 2777 qua
584 2707 651 2762 mira
668 2709 694 2763 ei
709 2708 887 2764 necessitudo
902 2708 1064 2778 intercedit,

161 2791 244 2845 multa
269 2782 465 2861 comprobant,
497 2796 526 2844 nt
551 2807 603 2845 una
630 2791 781 2863 eademque
807 2792 907 2864 pagina
929 2797 983 2851 258
1010 2793 1063 2848 lano

162 2873 313 2928 lectiones:
341 2875 452 2941 ciceret,
477 2879 556 2944 atque
579 2876 679 2945 mepte,
703 2876 795 2946 prelio
817 2889 897 2945 uero,
924 2877 1064 2947 inpressu,

159 2957 272 3027 epistola
288 2958 411 3027 ostendit,
425 2957 522 3028 rigida,
538 2969 651 3028 quarum
668 2959 731 3014 loco
750 2959 838 3014 editio
852 2959 901 3013 illa
915 2959 965 3014 has
981 2976 1064 3031 prae·

163 3040 230 3095 lert:
247 3041 360 3111 vixerit,
377 3056 411 3095 ac
425 3043 525 3113 mepta,
537 3044 642 3112 pretia,
656 3057 769 3113 pressu,
784 3043 913 3112 apostolo,
929 3043 1021 3113 utputo.

203 3129 229 3180 2.
251 3124 466 3181 llarleianus
490 3131 573 3195 2639,
599 3125 723 3180 Londinii
745 3126 772 3179 in
793 3141 887 3180 museo
903 3125 1063 3180 Britannico

161 3210 317 3279 repositus,
340 3209 459 3279 scriptus
482 3215 512 3263 ul
526 3209 635 3265 videtur
653 3226 677 3264 a.
700 3215 766 3268 1162
784 3215 811 3263 et
835 3225 894 3263 cum
911 3209 1008 3263 Tacito
1030 3200 1063 3263 de

162 3289 326 3348 Oratoribus
338 3293 509 3348 coniunctus.
556 3292 728 3348 Examinavit
746 3310 770 3347 a.
789 3299 854 3351 1851
871 3292 943 3346 Frid.
960 3290 1062 3348 Osann.
1102 3322 1108 3348 c

203 3381 228 3433 3.
247 3375 435 3430 Parisinus
451 3381 528 3445 7773,
546 3377 681 3447 quondam
697 3376 872 3445 Poterimus,
888 3391 949 3430 curn
966 3377 1063 3431 eodem

163 3457 249 3512 Taciti
268 3459 364 3512 libello
382 3461 545 3527 cohaerens,
562 3460 680 3514 omniurn
696 3460 829 3514 librorum
842 3466 869 3515 et
884 3458 1023 3531 pessimus
1039 3464 1064 3512 ct
