2256 3930
440 240 469 289 o.
493 239 678 289 ornianus.
1000 231 1058 292 131

9 440 14 445 -
55 395 208 455 Drusillam
231 392 425 473 appellatam,
446 413 500 472 per
523 396 646 454 omnium
666 395 783 457 dearum
804 398 912 477 templa
938 399 1061 458 circum-

55 480 173 555 ferens,
201 477 350 538 blinervae
368 480 481 555 gremio
500 478 637 557 imposuit
652 479 840 560 alendamque
860 490 889 541 et
911 481 1059 542 instituen-

9 556 17 614 ’-
56 564 119 622 dam
144 560 364 622 commendavit.
407 561 471 621 Nec
502 561 560 621 ullo
588 563 713 623 firmiore
740 565 845 626 indicio
873 566 917 625 sui
943 567 1060 625 seminis

9 692 14 697 .
57 665 123 706 esse
148 644 286 705 credebat
313 662 396 724 quam
425 645 565 723 feritatis,
594 664 668 726 quae
696 646 737 707 illi
767 667 882 729 quoque
905 656 980 710 tanta
1004 652 1060 710 iam

31 740 121 794 stunc
140 739 217 804 erat,
247 737 276 787 ut
298 728 411 789 infestis
429 729 526 806 digitis
550 748 603 791 ora
628 740 657 790 et
673 731 774 792 oculos
799 733 881 793 simul
904 732 1059 793 ludentium

9 829 21 866 τ
54 815 200 873 infantium
215 813 387 872 incesseret.
430 812 510 874 Leve
528 831 562 874 ao
580 813 717 892 frigidum
739 817 776 876 sit
791 814 836 877 his
851 816 973 893 addere,
1001 821 1101 898 quoio

9 926 22 951 s
55 899 235 976 propinquos
255 896 420 976 amicosque
443 906 529 976 pacto
551 899 739 976 tractaverit,
761 899 958 960 Ptolemaeum
979 902 1060 978 regis

14 997 22 1034 1
52 981 140 1042 lubae
157 981 258 1056 lilium,
287 982 489 1040 consobrinum
510 999 606 1059 suum,
632 984 712 1062 (erat
730 985 805 1043 enim
823 993 852 1043 et
873 985 898 1044 is
913 983 951 1044 Μ.
969 984 1059 1044 Αιιιο-

9 1081 23 1138 ,¹
52 1067 90 1125 nii
118 1083 155 1124 ex
177 1064 285 1124 Selene
311 1064 367 1124 blla
390 1065 500 1143 nepos)
530 1075 559 1125 et
585 1067 614 1125 in
643 1067 742 1145 primis
767 1069 860 1147 ipsum
881 1068 1059 1146 Macronem,

9 1151 146 1228 ucipsam
166 1146 301 1222 Enniam,
332 1147 478 1208 adiutores
500 1150 627 1228 imperii:
659 1150 761 1229 quibus
784 1150 915 1211 omnibus
939 1171 993 1231 pro
1009 1170 1059 1212 ne

11 1247 19 1285 :
52 1232 236 1293 cessitudinis
253 1234 314 1292 iure
331 1250 442 1312 proque
454 1233 620 1293 meritorum
640 1235 735 1311 gratia
759 1244 878 1295 cruenta
897 1254 976 1296 mors
993 1255 1058 1315 per·
1085 1246 1091 1256 ’

10 1333 16 1371 r
51 1317 148 1377 soluta
164 1324 219 1375 est.

10 1420 12 1425 ·
115 1399 212 1460 Nihilo
227 1402 409 1460 reverentior
422 1399 555 1461 leniorue
571 1419 642 1480 erga
662 1410 806 1480 senatum,
828 1403 967 1482 quosdam
983 1423 1057 1465 snm·

47 1487 103 1543 mis
119 1483 277 1544 honoribus
296 1483 410 1544 iunctos
437 1483 471 1543 ad
494 1485 627 1545 essedum
651 1485 706 1546 sibi
726 1504 845 1548 currere
869 1497 986 1566 togatos
1002 1507 1057 1568 per

10 1581 35 1626 ts
49 1568 161 1645 aliquot
179 1585 315 1645 passuum
331 1567 425 1644 milia,
456 1576 485 1627 et
502 1572 633 1629 caenanti
656 1570 740 1630 modo
767 1571 802 1632 ad
823 1570 950 1650 pluteum
966 1573 1055 1634 modo

47 1650 86 1713 ad
104 1650 195 1729 pedes
214 1659 292 1711 stare
311 1651 476 1711 succinctos
493 1651 581 1714 linteo
599 1671 704 1732 passus
722 1664 780 1725 est;
804 1655 877 1716 alios
895 1674 958 1716 cum
981 1656 1055 1718 clem

46 1736 258 1810 interemisset,
279 1735 368 1795 citare
384 1734 473 1796 nihilo
489 1737 580 1797 minus
597 1746 627 1797 ut
641 1739 725 1798 vivos
742 1741 960 1818 perseveravit,
985 1758 1054 1819 pau·

47 1835 102 1880 cos
117 1828 184 1897 post
199 1819 261 1879 dies
278 1818 440 1880 voluntaria
456 1830 548 1899 morte
561 1823 675 1900 perisse
690 1825 833 1882 mentitus.
879 1821 1055 1885 Consualibus

47 1903 147 1965 oblitis
165 1903 200 1962 de
216 1903 303 1964 natali
319 1921 371 1963 suo
388 1903 505 1964 edicere
530 1905 682 1982 abrogavit
702 1908 915 1985 magistratum,
944 1907 1055 1989 luitque

10 2013 33 2059 ο
46 2005 103 2070 per
122 1987 242 2047 triduum
263 1989 325 2047 sine
346 2006 454 2047 summa
469 1998 613 2067 potestate
634 2008 682 2050 res
708 2009 737 2069 p.
756 1989 949 2065 Quaestorem
976 2009 1055 2051 suum

44 2076 75 2135 ln
96 2072 294 2133 coniuratione
317 2074 490 2131 nominatum
514 2072 691 2150 llagellauit,
725 2082 808 2134 veste
836 2073 965 2134 detracta
989 2074 1055 2134 sub·

44 2160 183 2234 lectaque
197 2156 316 2215 militum
331 2155 469 2234 pedibus,
489 2176 545 2236 quo
564 2160 644 2219 lirme
662 2159 844 2219 uerberaturi
861 2160 1038 2220 insisterent.

112 2240 203 2299 Simili
231 2238 368 2318 superbia
399 2241 595 2320 uiolentiaque
627 2251 743 2304 ceteros
768 2245 902 2303 tractavit
928 2242 1054 2304 ordines.

43 2327 225 2406 Inquietatus
251 2327 365 2387 fremitu
391 2326 515 2403 gratuita
540 2328 569 2385 in
596 2327 675 2388 circo
699 2326 765 2388 loca
791 2326 827 2387 de
852 2325 946 2388 media
968 2336 1055 2387 nocta

10 2428 33 2473 ι
45 2412 270 2490 occupantium,
297 2411 388 2469 omnis
403 2409 526 2470 fustibus
542 2409 655 2488 abegit;
679 2410 744 2470 elisi
757 2428 811 2490 per
824 2429 888 2472 eum
906 2410 1054 2471 tumultum

44 2496 149 2572 uiginti
177 2495 298 2574 amplius
329 2495 441 2571 equites
465 2495 500 2555 R.
523 2494 642 2554 totidem
668 2503 832 2572 matronae,
860 2513 949 2574 super
972 2495 1051 2555 lnnn·

44 2597 153 2639 meram
173 2578 284 2640 turbam
314 2585 450 2638 ceteram.
494 2579 643 2640 Scaenicis
672 2578 761 2657 ludis,
788 2580 863 2639 inter
884 2577 1001 2658 plebem
1022 2587 1052 2640 et

44 2664 172 2740 equitem
190 2679 305 2724 causam
321 2661 529 2722 discordiarum
550 2681 669 2741 serens,
699 2663 827 2724 decimas
847 2663 984 2723 maturius
1003 2661 1049 2723 da-

44 2747 111 2821 bat,
139 2756 168 2806 ut
191 2746 336 2826 equestria
358 2745 393 2806 ab
418 2747 514 2806 inlimo
536 2752 652 2826 quoque
674 2753 896 2826 occuparentur.
937 2744 1038 2807 Gladia

11 2831 121 2891 otorio
147 2849 280 2906 munere,
303 2829 430 2889 reductis
458 2830 598 2890 interdum
627 2831 849 2909 flagrantissimo
881 2829 945 2889 sole
967 2828 1051 2905 uelis,

43 2916 136 2975 emitti
155 2932 324 2993 quemquam
338 2912 454 2974 vetabat
476 2923 647 2993 remotoque
662 2913 807 2975 ordinario
826 2920 983 2992 apparatu,
1010 2919 1051 2972 ta·

42 2998 118 3057 hidis
140 2999 212 3058 ieris
233 2997 391 3058 vilissimos
407 2997 547 3076 senioque
568 2998 720 3058 conlectos
738 2995 933 3073 gladiatores,
948 2996 964 3032 ⁸
981 3011 1051 3073 quo·

45 3100 101 3160 que
118 3085 285 3160 paegniaris
300 3090 399 3161 patres
412 3080 581 3142 familiarum
595 3089 681 3141 notos
698 3080 751 3140 sed
765 3081 886 3158 insignis
903 3076 1051 3139 debilitate

44 3166 139 3244 aliqua
159 3167 292 3245 corporis
315 3164 471 3226 obiciebat.
515 3163 560 3225 Ac
577 3181 802 3242 nonnumquam,
830 3161 945 3222 horreis
966 3179 1050 3241 prae·

11 3276 34 3318 sa
48 3249 151 3326 clusis,
179 3250 289 3328 populo
309 3249 414 3310 lamem
429 3249 539 3309 indixit.
657 3257 660 3262 '

109 3335 264 3395 Saevitiam
291 3334 401 3410 ingenii
423 3351 477 3412 per
501 3331 574 3392 haec
603 3332 725 3392 maxime
745 3327 878 3389 ostendit.
924 3324 994 3388 (lum
1014 3325 1088 3392 adm

45 3419 176 3496 saginam
193 3420 318 3480 ferarum
333 3419 443 3478 muneri
465 3424 701 3496 praeparatarum
716 3413 810 3474 carius
824 3408 953 3492 pecudes
972 3428 1048 3472 com·

45 3512 233 3581 pararentur,
260 3521 297 3563 ex
325 3502 420 3563 noxiis
449 3497 599 3561 laniandos
628 3498 774 3560 adnotavit
800 3504 828 3557 et
844 3492 1048 3644 ⁹cpstodinrum
