2256 3930
177 252 220 301 xc
256 319 258 322 .
510 251 717 301 reuersum.

239 411 332 467 Nihilo
347 411 435 466 miuus
450 417 539 467 tamen
553 412 642 482 qualis
658 413 693 468 ed
708 427 759 468 nos
775 411 938 467 transmissu
957 416 1009 480 est,
1025 427 1076 467 non

177 514 192 553 ιι
209 495 369 566 Tranquillo
384 495 515 567 scriplum
528 496 578 551 sed
593 496 627 551 ab
644 496 738 566 aliquo
753 493 905 551 sebolieste
919 494 1076 551 breuiorem

177 581 277 635 luctum
298 578 436 634 existimo.
481 580 620 635 Desidere
638 579 710 634 euin
729 585 758 634 ut
778 577 896 635 maxiure
918 577 1077 635 necessaria

177 679 309 719 annorum
339 663 413 718 vitae
445 680 584 718 numerum
606 662 662 718 LVI
691 668 720 718 et
737 662 935 718 historicorum
965 675 1078 734 operum

178 747 331 819 pleniorem
357 746 523 802 memorium.
567 745 693 817 Amplius
715 762 771 801 nou
785 746 875 815 addo,
899 760 962 800 oum
986 762 1012 800 a.
1036 761 1077 816 gr.

178 830 346 886 notationem
372 830 472 886 natalis
496 830 644 901 fatalisque
665 829 729 885 unni
755 830 898 886 consulum
920 828 1078 886 nominibus

178 915 275 969 lectam
291 913 451 983 Hieronymi
466 914 560 985 lapsus
577 913 715 969 excludat.
751 913 785 968 Et
802 929 836 968 ue
850 917 956 969 tantum
970 911 1077 983 quidam

177 998 277 1052 deesse
293 998 452 1066 crederem,
476 997 529 1052 nisi
546 1003 669 1052 veterum
687 994 822 1053 librorum
838 997 957 1052 lacunae
972 1001 1002 1052 et
1015 1011 1076 1052 eor·

178 1082 302 1152 ruptelue
319 1082 354 1136 ud
369 1082 398 1137 id
413 1081 580 1136 credendum
597 1081 769 1136 inducerent.
812 1080 896 1146 Initio
915 1079 990 1135 enim
1003 1079 1077 1137 vitae

177 1165 210 1219 ab
227 1165 333 1235 uliquot
345 1165 505 1233 codicibus,
526 1164 573 1235 qui
590 1165 625 1220 de
640 1163 840 1235 antiquissimis
856 1169 933 1227 sunt,
955 1164 1012 1220 duo
1028 1178 1078 1219 vo-

177 1248 291 1318 eabula,
313 1249 395 1319 plane
413 1255 443 1303 ut
461 1249 489 1304 in
503 1248 604 1304 Lucani
621 1248 678 1304 vita
693 1248 794 1303 iactu·
806 1247 941 1317 vidimus,
965 1247 1078 1311 ubsuutr

176 1338 232 1385 tum
253 1332 281 1386 in
297 1332 406 1401 media,
428 1333 475 1388 ubi
499 1332 634 1387 edidimus
650 1332 729 1387 ‘uum
744 1331 887 1388 Germanis
904 1337 987 1402 geste
1006 1336 1079 1398 suut,

173 1415 223 1469 XX
239 1415 441 1470 voluminibus'
464 1416 592 1487 plerique
614 1415 679 1471 libri
699 1431 760 1471 cum
782 1415 930 1484 Romanis,
956 1415 1077 1470 tortasse

175 1514 270 1553 omnes
291 1497 447 1554 XXXVII
458 1500 502 1555 vel
516 1498 687 1554 XXXVIII
705 1499 883 1555 coturnicibus
905 1498 1030 1567 hubent,
1051 1501 1077 1552 ul

174 1582 289 1637 durorum
311 1598 426 1653 operum
441 1583 514 1638 tituli
539 1581 694 1639 ‘bellorum
710 1582 873 1639 Germaniae
893 1581 944 1637 llb.
962 1580 1031 1637 XX'
1054 1584 1077 1636 el

174 1663 209 1719 ‘A
225 1667 278 1720 line
297 1666 400 1722 Aufidii
416 1668 493 1723 bussi
515 1666 564 1722 lib.
576 1665 676 1722 XXXI'
696 1667 820 1723 inunum
841 1664 984 1722 coaluisse
1000 1664 1077 1720 vide-

174 1745 305 1823 unturffl).

236 1833 392 1905 Descripsit
415 1834 500 1889 vitam
522 1833 635 1888 circiter
657 1851 681 1889 a.
708 1838 776 1892 1244
795 1832 961 1888 Vincentius
983 1833 1078 1889 Rello·

175 1916 302 1972 recensis
319 1918 401 1989 Spec.
416 1918 479 1972 bist.
496 1925 545 1984 11,
562 1922 594 1976 67
609 1913 742 1989 (eumque
756 1923 868 1973 secutus
880 1915 994 1976 Walter
1009 1917 1078 1972 Bur-

174 1996 236 2072 ley)
262 2001 327 2056 ilem
347 2002 512 2057 Franciscus
528 2000 675 2057 Petrarcba
695 2001 807 2056 circiter
828 2018 854 2056 a.
872 2005 941 2061 1348
956 2000 992 2056 do
1009 1999 1079 2055 viris

173 2083 328 2142 illustribus
351 2087 394 2140 ed.
417 2085 502 2141 Basil.
528 2090 595 2144 1563
614 2101 640 2156 p.
662 2090 723 2144 427.
767 2084 874 2140 Formis
904 2083 1079 2139 excuderunt

172 2166 311 2225 Naturalis
346 2169 481 2225 historiae
518 2168 641 2224 editores
674 2169 738 2224 inde
770 2185 785 2223 a
814 2167 943 2239 principe
967 2167 1079 2222 Veneto

173 2269 197 2306 a.
217 2258 284 2312 1469
305 2253 429 2324 plurimi;
452 2252 526 2323 quod
542 2247 718 2326 ignorunsae)
735 2251 811 2308 Elias
828 2251 947 2306 Vinctus
969 2255 1081 2310 a.1556

174 2335 301 2390 Suetonii
318 2336 353 2391 de
369 2335 556 2404 grammaticis
573 2336 669 2392 libello
685 2335 793 2391 addidit
806 2341 836 2390 ut
851 2333 997 2405 ineditam,
1013 2333 1078 2389 mis·

173 2434 230 2473 sam
245 2419 298 2472 sibi
316 2421 349 2473 ab
361 2419 486 2474 Aruoldo
504 2420 623 2488 Ferron,
642 2420 687 2489 qui
705 2419 825 2475 Tolosae
842 2435 877 2474 ex
892 2425 1007 2474 vetusto
1029 2433 1074 2473 co·

174 2501 235 2555 dice
251 2502 319 2555 bibl.
335 2502 408 2556 Petri
424 2502 558 2557 Fuxensis
575 2499 625 2575 (de
641 2498 730 2577 Foix)
743 2501 899 2558 Gurdinalis
914 2501 1078 2574 descripse-

174 2589 224 2638 rat.
271 2586 395 2656 Deuique
414 2586 537 2641 eiusdem
554 2586 661 2656 gretia,
678 2593 707 2641 ut
724 2604 776 2658 qua
792 2585 967 2658 potissime·
982 2585 1079 2642 Novo·

174 2669 342 2724 comensium
360 2670 474 2726 ambitio
499 2671 648 2739 niteretur,
680 2670 852 2725 Reunonicus
879 2670 933 2725 duo
959 2669 1076 2726 maximo

173 2753 312 2807 volumina
328 2754 514 2825 conscripsit,
537 2753 587 2809 sed
611 2754 709 2810 critico
727 2770 821 2826 parum
843 2753 994 2808 adiumenti
1011 2753 1061 2808 sub

173 2834 348 2892 ministravit.

235 2927 301 2989 300,
322 2928 365 2980 29.
385 2928 419 2980 30
440 2922 556 2977 Titulum
578 2927 606 2975 et
626 2922 712 2976 verbe
728 2921 836 2975 Plioius
854 2919 1001 2975 Secundus
1022 2935 1074 2974 nou

173 3003 275 3059 habent
291 3005 450 3073 Toletunus‚
467 3006 624 3061 Vindobon.
643 3010 675 3073 9,
690 3003 846 3065 Parisetsu
859 3004 895 3075 A,
908 3003 1075 3059 Barberinus

176 3117 365 3128 *w-

239 3169 285 3231 87)
304 3169 410 3218 l'luetus
424 3184 523 3232 quoque
535 3168 591 3219 duic
606 3168 738 3218 Pliniance
750 3170 816 3218 uitae
832 3169 887 3218 Ioco
901 3167 999 3230 aliquid
1011 3169 1074 3216 aect-

171 3237 237 3284 diere
256 3245 334 3302 putat.

240 3306 284 3369 88)
304 3307 367 3354 Eum
390 3321 499 3355 errorem
525 3307 601 3354 libere
624 3304 758 3354 confessus
779 3314 816 3354 est
839 3306 863 3352 in
884 3303 997 3353 secunda
1023 3303 1075 3352 edi·

171 3375 238 3422 tione
257 3390 279 3423 e.
298 3374 423 3425 totove!
444 3376 507 3425 1571
529 3374 603 3433 fecta,
624 3389 700 3436 quam
719 3371 902 3438 bibliographis
918 3372 1074 3436 incognitum

171 3457 228 3490 esse
242 3444 328 3495 miror.
366 3444 438 3493 Certe
457 3445 482 3490 in
501 3443 693 3492 Casaubonianu
711 3444 860 3506 repetitione
878 3457 903 3505 p.
914 3440 947 3491 32
964 3454 1074 3489 errorem

171 3520 275 3560 excusat
291 3511 402 3560 ‘abhinc
420 3526 499 3560 aurrcs
519 3511 678 3573 quindecim’
699 3511 869 3559 commissum.
