2286 3944
521 237 615 284 unae
1006 231 1065 290 173

86 391 177 466 uruit,
203 398 235 449 ut
262 400 408 452 emanaret
429 393 457 451 in
482 391 600 469 vulgus,
628 394 732 453 missos
760 395 948 456 ablessalina
974 415 1066 457 uxore

86 473 193 550 laudii,
215 476 264 553 qui
292 493 355 535 eum
380 476 592 552 meridiantem,
619 480 701 555 qnasi
728 477 884 538 Britannici
915 481 1064 558 aemulum,

86 557 289 633 trangularent.
316 559 449 619 Additum
464 559 589 636 fabulae,
602 569 630 618 at
644 561 764 619 eosdem
779 563 905 622 dracone
918 564 1064 643 epulvino

86 658 98 702 e
114 641 286 720 proferente
303 645 477 704 conterritos
497 644 654 720 refugisse.
679 645 759 718 Quae
777 647 873 706 fabula
890 657 992 707 exorta
1006 656 1063 725 est,

86 726 220 803 eprensis
239 727 268 784 in
286 726 364 786 lecto
383 729 444 787 eius
460 729 567 787 circum
591 728 748 787 cervicalia
769 731 914 807 serpentis
937 733 1062 800 exuviis:

86 824 138 868 uas
154 816 249 868 tamen
265 827 371 870 aureae
386 812 515 871 armillae
532 829 569 869 ex
580 811 728 870 voluntate
739 815 838 872 matris
853 813 979 872 inclusas
995 814 1063 873 dex-

86 908 111 952 o
126 891 246 952 brachio
267 895 392 969 gestavit
413 895 590 974 aliquandiu,
613 912 649 953 ac
671 895 765 954 taedio
787 895 900 955 tandem
918 905 1063 956 maternae

86 978 221 1036 temoriae
236 976 355 1054 abiecit,
372 996 529 1057 rursusque
545 980 680 1037 extremis
702 979 762 1037 suis
785 979 873 1039 rebus
890 978 997 1038 trustra
1018 998 1062 1038 re·

86 1060 174 1120 uisiit.

129 1144 227 1203 'l'ener
253 1143 345 1203 adhuc
371 1145 492 1204 necdum
512 1154 622 1205 matura
643 1146 764 1224 pueritia
791 1144 969 1205 circensibus
990 1145 1089 1205 ludisi

86 1227 183 1287 'roiam
198 1228 428 1287 constantissime
444 1229 700 1306 favorabiliterque
715 1229 791 1288 lusit.
814 1229 974 1290 Undecimo
987 1239 1063 1288 aeta-

86 1330 103 1370 s
125 1327 203 1370 anno
226 1328 243 1371 a
269 1309 389 1371 Claudio
411 1311 563 1390 adoptatus
585 1321 629 1371 est
651 1312 830 1390 Annaeoque
858 1313 989 1372 Senecae
1010 1314 1064 1372 iam

86 1412 133 1454 mc
145 1395 274 1454 senatori
285 1397 313 1453 iu
323 1395 502 1473 disciplinam
510 1395 638 1455 traditus.
651 1396 770 1472 Ferunt,
783 1397 1065 1473 Senecamproxima

87 1486 153 1539 octe
169 1478 262 1536 visun
277 1477 331 1537 sibi
346 1497 400 1556 per
412 1480 537 1557 quietem
550 1478 582 1538 C.
600 1478 717 1539 Caesari
733 1481 919 1558 praecipere,
935 1488 965 1538 et
979 1480 1064 1539 fidem

86 1563 180 1621 omnio
194 1560 274 1621 Nero
293 1561 375 1621 brevi
391 1563 475 1639 lecit,
501 1562 613 1641 prodita
633 1563 805 1623 immanitate
825 1571 942 1622 naturae
961 1564 1064 1641 quibus

86 1648 188 1705 dimum
210 1644 302 1724 potuit
322 1648 537 1723 experimentis.
569 1645 698 1723 Namque
721 1645 913 1706 Britannicum
936 1646 1062 1723 fratrem,

86 1728 146 1807 uod
157 1746 190 1787 se
202 1737 270 1806 post
278 1728 462 1807 adoptionem
475 1729 736 1790 Aenobarbum
751 1748 788 1788 ex
801 1729 1007 1789 consuetudine
1019 1749 1063 1790 sa-

86 1820 202 1890 ltasset,
229 1820 260 1871 ut
284 1812 457 1871 subditivum
481 1813 557 1892 apud
585 1823 696 1891 patrem
718 1832 842 1890 arguere
867 1822 987 1872 conatus
1009 1823 1063 1871 est.

86 1897 191 1955 inritam
205 1904 298 1955 autem
312 1895 448 1975 Lepidam
462 1915 541 1957 ream
556 1899 719 1956 testimonio
743 1914 841 1956 coram
863 1896 979 1970 afflixit,
999 1913 1063 1971 gra·

86 1980 185 2040 iiicans
198 1981 295 2056 matri,
311 1998 328 2040 a
345 1998 400 2058 qua
416 1998 466 2039 rea
483 1980 675 2058 premebatur.

131 2062 279 2122 Deductus
295 2064 324 2121 in
337 2063 432 2122 iorum
447 2064 502 2122 tiro
525 2063 635 2141 populo
658 2062 850 2138 congiarium,
873 2061 952 2120 militi
974 2059 1063 2118 dona·

86 2148 157 2207 irum
174 2147 341 2224 proposuit,
364 2147 527 2225 indictaque
549 2146 722 2205 decursione
739 2145 932 2222 praetorianis
953 2152 1064 2203 scutum

86 2248 120 2290 ua
135 2247 219 2288 manu
236 2229 384 2307 praetulit:
411 2232 477 2289 exin
498 2230 572 2308 patri
587 2229 696 2304 gratias
714 2230 741 2285 in
758 2237 860 2287 senatu
876 2228 946 2304 egit.
978 2226 1065 2305 Apud

86 2312 191 2373 'undem
207 2313 355 2373 consulem
372 2330 425 2392 pro
439 2312 669 2374 bononiensibus
685 2311 800 2387 Latine,
825 2329 878 2390 pro
893 2309 1004 2371 Rhodis
1023 2320 1063 2370 at·

86 2414 127 2475 pre
145 2396 299 2456 Iliensibus
322 2395 434 2457 Graece
455 2396 545 2456 verba
567 2396 647 2455 lecit.
680 2395 855 2473 Auspicatus
877 2404 921 2453 est
944 2402 973 2453 et
994 2395 1064 2453 iuris

86 2480 224 2541 lctionem
239 2481 406 2559 praelectus
420 2480 484 2539 urbi
502 2496 586 2539 sacro
601 2479 776 2556 Latinarum,
800 2479 997 2538 celeberrimis
1014 2497 1063 2557 pa·

86 2566 162 2624 renis
176 2580 234 2623 non
250 2563 407 2623 tralaticias
423 2573 453 2622 ut
469 2564 578 2623 assolet
593 2573 621 2623 et
640 2564 753 2639 brevis,
777 2562 830 2622 sed
845 2564 981 2624 maximas
1001 2563 1062 2641 plu·

86 2646 215 2724 imasque
231 2647 441 2724 postulationes
458 2647 587 2706 certatim
603 2646 816 2724 ingerentibus,
834 2649 963 2725 quamvis
977 2649 1062 2704 inter·

86 2730 176 2790 lictum
192 2749 208 2790 a
227 2729 346 2790 Claudio
366 2740 454 2791 esset.
482 2729 546 2789 Nec
560 2730 649 2789 multo
668 2739 735 2808 post
750 2730 829 2790 duxit
843 2748 964 2789 uxorem
980 2727 1064 2786 Octa-

86 2815 161 2888 iam,
180 2813 325 2891 ediditque
345 2832 398 2892 pro
416 2813 517 2874 Claudi
534 2814 626 2873 salute
648 2816 795 2873 circenses
821 2823 850 2873 et
872 2813 1063 2872 venationem.

132 2897 345 2975 Septemdecim
365 2906 447 2958 natus
470 2915 575 2973 annos,
606 2907 634 2956 ut
654 2897 690 2956 de
707 2895 826 2957 Claudio
849 2897 943 2974 palam
960 2895 1097 2960 laetume

86 2990 130 3058 st,
145 2982 222 3040 inter
234 2981 336 3041 boram
351 2991 461 3041 sextam
479 2982 685 3060 septimamque
702 2981 848 3058 prooessit
864 2980 899 3039 ad
916 2977 1064 3038 excubito-

86 3084 133 3142 es,
149 3080 214 3125 mm
228 3062 268 3124 ob
283 3066 371 3125 totius
387 3064 445 3125 dlel
458 3064 600 3125 diritatem
611 3081 669 3124 non
685 3064 761 3124 aliud
775 3062 941 3141 auspicandi
953 3071 1066 3139 tempus

86 3146 315 3209 commodatius
330 3146 490 3217 videretur:
517 3166 630 3229 proque
648 3148 737 3209 Palati
759 3146 898 3224 gradibus
908 3147 1067 3227 imperator

86 3230 281 3307 onsslutatus‚
303 3230 408 3293 lectica
424 3232 454 3291 in
470 3240 564 3293 casua
580 3241 609 3292 et
621 3230 687 3290 inde
702 3232 806 3310 raptim
822 3226 978 3310 appellatis
993 3223 1066 3291 mili'-

86 3314 144 3375 bus
161 3314 191 3375 ln
206 3314 313 3375 eurissn
328 3314 441 3375 deletus
458 3324 517 3393 est,
533 3315 727 3392 discessitque
743 3317 799 3375 iam
814 3314 946 3393 vesperi,
963 3315 1064 3389 enim·

86 3396 193 3475 sensis,
211 3396 315 3479 qulbus
329 3398 538 3485 complebatur,
555 3397 713 3458 honoribus
727 3408 834 3459 tantum
848 3400 937 3479 patris
952 3400 1064 3478 patriae

86 3480 187 3543 sutus
203 3495 338 3542 recusato
355 3489 476 3562 propter
493 3490 624 3543 aetatem.
1012 3496 1016 3501 ’
