2256 3930
254 235 533 284 DEPERDITORUM
554 236 735 286 LIBRORUM
756 238 958 298 ιιοιιοοιιο.
1050 229 1113 290 277

261 379 397 471 βέβληκ’
411 379 577 487 Ἀχιλλεῦς
596 382 656 450 δύο
676 383 769 470 κύβω
785 386 893 452 κάλ’
855 412 993 494 τετταρα

105 469 162 535 καὶ
182 469 271 554 ἑξῆς·
297 469 386 553 λέγει
395 463 475 575 γάρ
497 465 558 533 δύο
581 467 729 552 μονάδας
752 470 865 535 κάλ’
825 496 977 573 τετταρα.
1006 477 1112 540 ἔκειτο

107 547 171 620 δΗ
155 559 299 637 οστίχος
313 554 350 618 ἐν
363 576 409 641 τφ
395 551 612 656 Εὐριπίδου
626 554 771 652 Τηλέφφ
794 548 858 619 σὺν
873 551 986 633 άλλοις
1000 561 1113 642 ίαμβι-

106 651 190 720 κοῖς,
207 642 293 703 ἔνθα
307 620 515 740 κυβέάοντας
529 630 608 712 τοὺς
621 630 732 720 ῆρωας
738 618 913 737 εἰσήγαγε.
929 663 1049 726 περιηρ
1051 643 1113 726 ἐθη

70 723 161 802 ῦδέ,
188 737 309 827 φησιν,
334 717 416 821 6606
440 713 603 785 ἐκεῖνο
569 743 606 785 το
630 717 839 827 ἐπεισόδιον,
868 707 1114 825 χλευασθέντρς

105 805 157 870 ἐπ’
182 800 272 906 αὐτῷ
291 806 354 868 τοῦ
367 799 560 904 ποιήματος.
588 803 689 895 Λέγει
703 797 772 868 δε
756 827 773 868 ο
789 806 893 907 66666
908 803 1114 889 παραδιδοῦς

106 881 228 964 καλάς
249 873 342 954 ολ
303 912 356 990 τη
363 888 479 974 παιδιά
497 883 600 973 ταάτη
621 911 786 994 χρωμενοι
809 881 874 953 άπὸ
896 890 963 989 666
987 890 1113 966 ἐντοῖς

105 969 225 1071 κύβοις
250 967 426 1074 τρημάτων
451 983 644 1072 τρηματῑται
669 970 840 1055 ἐλέγοντο,
871 969 1032 1057 παράγων
1058 975 1113 1039 καλ

105 1058 227 1142 χρῆσιν
239 1052 427 1156 Σιόφρογος
441 1053 495 1120 τό

70 1159 98 1205 [ι
260 1135 441 1241 δειπνήσας
458 1130 626 1240 ὠστίζεται
640 1151 707 1211 τοις
722 1135 1027 1240 τρηματιζόντεσσι·

105 1217 205 1289 κάλ’
186 1247 236 1288 οτι
251 1219 416 1302 ἑσποάδαζ
401 1226 471 1302 ζετο
492 1247 513 1306 η
502 1215 648 1306 κυβεία
664 1216 705 1286 06
720 1220 827 1324 μόνην
842 1216 931 1324 παρά
945 1228 1112 1331 Σικελοῖς,

105 1300 282 1372 άλλάκαλ’
274 1310 531 1409 Αθηγαίοις,οἱ
500 1304 647 1370 οΐκαλέν
662 1306 769 1407 ίεροις
784 1300 1018 1418 ἀθροιζόμενοι
1033 1307 1113 1374 ἐκά-

105 1395 229 1500 βεήον,
248 1389 303 1495 666
318 1387 460 1493 μάλιστα
477 1389 574 1454 ἐν
528 1413 573 1477 τφ
588 1391 645 1473 τῆς
660 1385 844 1490 Σκιράδος’
838 1391 979 1491 Αθηγάς
999 1417 1045 1481 τφ
1032 1392 1113 1458 ἐπὶ

106 1479 230 1578 σκίρφ,
245 1467 301 1559 ἀφ’
323 1499 364 1539 ου
352 1460 492 1540 Ἡκαλ
455 1498 496 1537 τα
511 1455 594 1574 άλλα
608 1469 811 1580 κνβευτήρια
832 1470 1022 1578 σκιράφεια
1021 1460 1112 1578 666-

70 1555 240 1642 Ιιμάζετο·
272 1545 362 1637 ἐξ
334 1582 382 1622 ων
408 1555 464 1623 καὶ
490 1553 599 1621 πάντα
621 1559 662 1621 τά
683 1555 944 1663 πανουργήματα
971 1554 1026 1625 διά
1045 1557 1112 1664 τήν

107 1642 145 1706 ἐν
173 1646 378 1726 σκιραφείοις
401 1641 621 1728 ῥᾳδιουργίαν
644 1644 803 1725 σκίραφοι
827 1641 1018 1709 ἐκαλοῦντο
1045 1638 1113 1710 Ἱπ-

106 1721 235 1803 πάναξ·

259 1812 293 1873 τί
304 1832 345 1892 με
360 1804 537 1892 σκιράφοις
552 1803 751 1911 άτιτάλλεις;

103 1895 314 1995 Πεποίηνται
329 1891 381 1975 δέ,
408 1909 507 1992 φησι,
532 1892 587 1990 666
601 1890 782 1996 προστάται
803 1895 865 1960 τοῦ
882 1889 968 1959 οὕτω
985 1897 1112 1972 παίζειν

70 1976 99 2047 ἰι
103 1969 221 2060 Ερμῆς
234 1974 289 2042 καλ
302 1943 391 2059 Πάά,
408 1969 500 2040 καθά
496 1977 570 2076 τῆς
584 1977 745 2076 μουσικῆς
755 1970 926 2042 Ἀπόλλων
941 1975 996 2041 καὶ
1011 1979 1112 2041 M06-

108 2075 175 2124 σαι.
217 2054 303 2136 Τοὺς
322 2057 358 2125 δέ
380 2053 525 2135 πεσσοδς
548 2060 636 2143 λέγει
658 2055 793 2166 666666
814 2058 900 2126 εἶναι
917 2059 1032 2141 πέντε,
1060 2053 1111 2136 αἷς

108 2141 162 2242 ἐπὶ
189 2143 287 2209 πέντε
315 2145 476 2247 γραμμῶν
500 2147 633 2244 ἔπαιζον
648 2141 878 2247 ἑκατέρωθεν,
901 2147 958 2209 ἵνα
973 2111 1111 2219 ε’κάστος

107 2227 176 2292 τῶν
191 2223 422 2292 πεττευόντων
436 2231 491 2328 ἔχη
506 2221 564 2302 τάς
578 2221 656 2292 καθ’
675 2225 804 2374 ἑαυτήν.
820 2228 1033 2331 Σοφοκλῆς·

274 2308 329 2376 καλ
345 2305 451 2375 πεσσά
465 2307 702 2420 πεντάγραμμα
716 2308 901 2395 καὶκύβων
916 2316 1025 2413 βολαί

70 2397 331 2498 ΙαΠαρετείνετο
348 2393 400 2477 δέ,
426 2412 524 2499 φησι,
540 2397 584 2459 δι’
601 2396 711 2459 αὐτῶν
727 2394 782 2459 καλ
794 2398 876 2480 μέση
892 2392 1040 2506 γραμμή,
1068 2388 1111 2499 ῆν

105 2477 203 2564 ίερδιν
218 2471 403 2583 ολνόμαζογ,
425 2473 515 2581 (ὡς’
500 2478 655 2586 αγωτέρω
681 2480 850 2578 δηλοῦται)
873 2479 990 2546 666‘
973 2479 1111 2546 ονικω’-

104 2585 208 2647 μενος
224 2555 276 2626 ἐπ’
294 2559 434 2672 έσγάτην
452 2556 557 2646 αὐτήν
571 2564 663 2626 ἵεται.
690 2555 843 2629 ὅθενκαλ
858 2569 1033 2668 παροιμία
1058 2591 1112 2630 κι-

103 2657 181 2710 νεῖν
205 2639 265 2710 τὸν
285 2640 332 2729 άφ
335 2645 506 2752 ’ίεράς,λ
509 2653 589 2710 ίθον
611 2642 754 2730 δηλαδή,
781 2647 834 2713 ἐπὶ
863 2650 930 2713 τάν
957 2643 1111 2730 άπεγνω-

104 2728 242 2814 σμένων
258 2727 344 2793 καλέ
329 2729 481 2834 ἐσχάτης
480 2733 649 2831 βοηθείας
666 2730 844 2835 δεομένων
875 2728 1047 2815 Σώφρων·

70 2837 94 2884 ιο
263 2809 388 2913 κινήσω
418 2805 453 2878 δ’
466 2807 529 2896 ήδη
544 2811 599 2877 καὶ
615 2811 742 2879 καὶτὸν
757 2809 803 2898 άφ
803 2809 937 2899 ’ἱεράς

101 2891 257 2971 Ἀλκαῖος
272 2896 310 2960 δέ
323 2914 426 2980 φησιν
441 2896 477 2962 ἐκ
497 2893 684 3000 πλήροης

514 2982 579 3044 νῦν
594 2975 624 3044 δ’
642 2967 740 3055 οὗτος
755 2980 920 3078 έπικρετει

260 3061 402 3171 κινήσας
412 3057 472 3130 τὸν
486 3057 532 3166 66
535 3057 634 3148 ’ίράς
649 3057 792 3128 πυκινὸν
809 3067 919 3127 λίθον.

109 3147 276 3212 Τοιοῦτον
291 3145 328 3213 δὲ
350 3147 405 3213 καλ
401 3143 509 3252 παρά
528 3151 710 3245 Θεοκρίτφ
709 3143 763 3210 τό·

70 3248 93 3294 ¹5
316 3226 374 3297 τὸν
390 3226 455 3297 άπὸ
471 3233 621 3331 γραμμάς
635 3227 759 3313 κινήσω
775 3232 885 3294 λίθον.

102 3311 287 3399 Διοδώρου
303 3315 356 3399 δέ,
376 3333 469 3417 φησι,
485 3338 545 3416 τοφ
533 3314 769 3411 Μεγαρικοῦ
775 3304 999 3414 ἐνάγοντος
967 3335 1025 3376 τον
1040 3336 1111 3377 τοι-

103 3401 210 3464 οῦτον
235 3403 338 3463 λίθον
370 3392 456 3474 εἰς’
431 3395 619 3504 ομοιότητα
643 3399 699 3502 τῆς
723 3397 790 3461 τάν
804 3391 943 3495 άστρων
968 3400 1109 3501 χορείας,

100 3481 275 3567 Κλέαρχος
299 3494 367 3558 τοις
396 3482 494 3548 πέντε
508 3482 590 3567 φησί
612 3482 778 3565 πλάνησιν
794 3474 980 3564 άναλογεῖν.
1011 3477 1111 3562 Λέγει
