2286 3944
167 246 225 311 138
257 257 287 305 c.
304 251 454 304 sonrorn
469 248 597 307 annuo.
614 246 662 294 on
676 244 760 293 mnu
776 240 964 291 eunsunou
979 242 1053 288 nnn.
1067 243 1129 289 1n1.

167 432 222 495 que
238 408 439 491 praetorianos
455 402 599 479 exercuit,
620 399 699 460 nullo
711 416 806 460 rernm
825 406 873 459 aut
892 397 1044 458 bominum
1065 416 1139 476 gene

167 498 290 569 omisso,
320 493 365 551 oui
390 507 448 549 non
470 485 567 547 tributi
591 483 700 564 aliquid
725 484 899 562 imponeret.
945 481 1003 542 Pro
1033 481 1128 542 edulib

167 596 242 660 quae
255 586 315 637 tota
330 573 402 634 urbe
418 571 567 645 venirent,
592 577 701 628 certum
722 575 884 644 statumque
905 566 1099 643 exigebatur;
1121 584 1137 644 p

166 662 264 724 litibus
286 677 321 719 ac
340 656 453 717 indiciis
479 653 652 730 ubicumque
675 652 825 730 conceptis
847 650 1075 730 quadragesima
1102 669 1132 709 su

167 764 247 821 mae,
282 743 319 802 de
337 758 393 820 qua
413 739 591 816 litigaretur,
618 753 673 795 nee
696 735 758 793 siue
776 751 889 812 poena,
922 734 1032 812 siquis
1058 751 1139 813 comp

170 830 263 890 suisne
284 825 333 885 vel
356 825 482 885 donasse
501 820 648 897 negotium
672 819 910 886 convinceretur;
942 836 980 876 ex
1006 817 1143 896 gerulor

171 911 277 973 diurnis
308 906 475 987 quaestibus
505 922 573 982 pars
595 911 713 972 octava;
741 919 779 961 ex
804 901 930 980 capturis
956 905 1143 980 prostitutor

172 1003 305 1074 quantum
330 1007 461 1070 quaeque
489 1004 545 1046 uno
579 985 732 1047 concubitu
761 993 900 1053 mereret;
930 984 1143 1064 additumque

172 1086 258 1157 eaput
272 1077 363 1152 legis,
381 1083 410 1132 ut
424 1078 590 1132 tenerentur
608 1069 725 1148 publico
742 1077 772 1129 ct
787 1086 861 1147 quae
876 1070 1074 1129 meretricium
1092 1071 1136 1148 qni

171 1160 343 1222 lenocinium
358 1157 506 1229 fecissent,
529 1171 584 1213 nec
599 1171 659 1213 non
674 1161 702 1212 et
720 1152 899 1214 matrimonia
914 1151 1046 1214 obnoxia
1065 1172 1141 1214 esse·

132 1245 242 1305 illilus
262 1240 338 1302 modi
360 1235 553 1314 vectigalibus
573 1236 686 1297 indictis
708 1254 803 1314 neque
824 1237 1003 1314 propositis,
1042 1257 1105 1298 curn
1123 1257 1140 1316 p

172 1326 362 1404 ignorantiam
380 1323 539 1399 scripturae
554 1320 641 1379 multa
657 1321 810 1380 commissa
825 1319 942 1397 fierent,
961 1321 1080 1382 tandem
1096 1322 1143 1391 lla

173 1418 249 1470 tante
272 1406 379 1486 populo
402 1404 556 1482 proposuit
579 1403 693 1482 quidem
716 1404 829 1481 legem,
858 1403 909 1463 sed
930 1412 959 1464 et
978 1407 1142 1466 minutissi·

171 1491 273 1551 litteris
293 1497 321 1547 et
347 1487 549 1565 angustissimo
576 1487 659 1565 loco,
682 1488 721 1547 uti
742 1505 778 1546 ne
800 1487 845 1546 cui
865 1486 1038 1549 describere
1064 1490 1143 1550 licer

171 1574 216 1634 Ac
231 1590 267 1632 ne
283 1571 359 1650 quod
382 1589 440 1631 non
455 1570 649 1631 manubiarum
669 1589 762 1648 genus
784 1572 980 1649 experiretur,
1004 1573 1128 1653 lupanar

171 1656 280 1716 Palatio
309 1656 463 1732 constituit,
487 1654 684 1732 distinctisque
706 1663 736 1714 et
749 1655 895 1714 instructis
920 1673 975 1734 pro
1003 1656 1065 1717 loci
1087 1657 1143 1728 drgo

171 1748 229 1799 tate
246 1737 442 1817 compluribus
461 1738 560 1815 cellis,
583 1737 727 1816 inquibus
748 1746 895 1799 matronae
916 1740 1098 1821 ingenuique
1122 1761 1143 1800 s*

172 1832 251 1899 rent,
273 1823 349 1882 misit
371 1823 478 1882 circum
492 1822 557 1881 lora
579 1830 608 1880 et
622 1821 757 1882 basilicas
773 1822 1029 1883 nomenculatores
1051 1825 1087 1885 ad
1108 1826 1134 1883 in

172 1905 275 1966 tandos
297 1907 332 1966 ad
355 1905 500 1966 libidinem
520 1907 639 1964 iuvenes
660 1923 818 1984 senesque;
842 1905 973 1984 praebita
996 1907 1142 1969 advenien

173 1989 227 2049 bus
245 1992 366 2070 pecunia
387 1989 531 2066 fenebris,
558 1989 743 2067 appositique
759 1989 807 2067 qui
823 1989 936 2050 nomina
954 1991 1053 2069 palam
1071 1993 1137 2052 subt

174 2083 283 2152 tarent,
306 2075 387 2153 quasi
408 2072 598 2134 adiuuantium
619 2069 752 2132 Caesaris
776 2071 894 2132 reditus.
938 2073 983 2134 Ae
999 2093 1039 2135 ne
1059 2095 1098 2136 ex
1116 2077 1137 2135 l·

141 2162 143 2167 '
175 2158 290 2235 quidem
311 2158 393 2218 aleae
420 2155 619 2235 compendium
642 2172 801 2233 spernens,
826 2155 891 2234 plus
913 2157 1067 2219 mendacio
1092 2170 1140 2238 atq

174 2241 259 2300 etiam
278 2243 403 2319 periurio
429 2239 602 2301 lucrabatur.
646 2238 683 2299 Et
704 2238 846 2318 quondam
869 2242 1003 2318 proximo
1028 2243 1143 2303 conius*

174 2323 343 2385 demandata
357 2326 422 2383 vice
442 2343 493 2384 sua
512 2341 687 2402 progressus
703 2323 731 2382 in
748 2325 847 2383 atrium
868 2323 983 2402 domus,
1010 2345 1076 2386 eum
1095 2346 1139 2406 pr

174 2408 313 2465 tereuntis
335 2407 407 2466 duos
430 2409 542 2484 equites
563 2406 597 2466 R.
614 2406 768 2484 locupletis
790 2409 852 2466 sine
872 2425 952 2468 mora
974 2411 1087 2489 corripi
1111 2431 1139 2470 c·

175 2490 327 2564 iscarique
348 2490 494 2566 iussisset,
523 2489 653 2549 exultans
682 2489 767 2548 rediit
793 2490 995 2570 gloriansque,
1023 2512 1141 2572 numqu

173 2588 205 2630 se
222 2573 410 2648 prosperiore
424 2572 488 2632 alea
502 2591 591 2632 usum.

132 2659 165 2712 li
236 2653 309 2714 Filia
324 2671 394 2714 vero
412 2663 493 2729 nata,
518 2665 716 2734 paupertatem
739 2677 793 2718 nec
809 2659 863 2718 iarn
885 2656 1073 2737 imperatoria
1091 2680 1137 2722 mo

174 2737 226 2797 sed
242 2746 270 2796 et
287 2738 378 2816 patria
394 2755 576 2816 conquerens
593 2757 696 2817 onera,
717 2742 897 2802 conlationes
917 2743 944 2801 in
959 2742 1128 2806 alimonium

174 2821 269 2880 dotem
291 2820 405 2898 puellae
425 2822 547 2900 recepit.
591 2822 689 2884 Edixit
710 2834 739 2884 et
760 2834 872 2886 strenas
897 2827 1013 2885 ineunte
1040 2847 1119 2890 anno

173 2913 355 2982 recepturum
370 2905 503 2984 stetitque
518 2906 547 2965 iu
566 2907 709 2967 vestibulo
728 2908 839 2969 aedium
863 2908 909 2970 iil.
924 2909 983 2970 lan.
997 2911 1035 2971 ad
1059 2923 1136 2992 capt

173 2988 224 3047 das
245 2989 354 3066 stipes,
376 3006 446 3066 quas
464 2989 558 3067 plenis
575 3002 720 3051 antaeum
738 2991 866 3053 manibus
883 3011 918 3054 ao
932 2994 995 3052 sinu
1012 2999 1110 3056 omnis
1130 3024 1137 3067 ς

172 3072 249 3130 neris
279 3070 360 3132 turba
390 3071 535 3133 fundebat.
579 3074 743 3136 Novissime
774 3076 997 3136 contrectandae
1031 3081 1139 3156 pecuni

172 3152 304 3232 cupidine
320 3156 470 3232 incensus,
492 3175 582 3236 saepe
598 3178 686 3238 super
703 3162 857 3219 immensos
874 3177 1027 3221 aureorum
1048 3181 1139 3224 aeerv

171 3239 368 3314 patentissimo
394 3238 513 3299 dliiusos
528 3241 597 3302 loco
620 3252 648 3302 et
668 3243 750 3302 nudis
767 3243 888 3322 pedibus
909 3245 1051 3324 spatiatus
1067 3257 1097 3306 et
1113 3257 1142 3308 to

172 3336 299 3397 corpore
315 3321 476 3399 aliquandiu
495 3325 635 3384 vololetus
661 3336 700 3368 π*

130 3405 163 3462 43
231 3403 358 3463 Militiam
383 3423 487 3472 resque
512 3408 569 3460 “ab
669 3409 751 3469 ,nuel
772 3410 882 3487 attigit,
906 3429 1001 3490 neque
1025 3431 1065 3472 ex
1086 3415 1140 3475 des

170 3490 244 3558 nato,
265 3485 395 3542 sedeam
415 3506 441 3531 ’ν
487 3515 499 3536 1-
637 3493 1138 3560 .„n=·att··mnnnunnpjpumnjpst
