2256 3930
10 211 31 255 ³¹
435 235 467 285 o.
489 235 674 286 eumenen.
996 234 1054 299 129

10 382 27 455 Ε,
54 387 117 446 sine
132 388 242 464 iurgiis.
286 388 358 449 Nam
374 409 432 451 vox
454 392 649 453 comminantis
668 392 761 455 audita
782 386 899 458 est:''H
913 387 949 478 p'
969 388 1056 462 ἄνοι’-

10 466 28 507 ⁵²
54 459 130 549 αρ’,
152 458 253 550 ἢέγώ
273 469 325 534 σέ·
354 474 447 534 donae
469 484 622 552 exoratus,
648 485 678 536 ut
700 477 863 557 referebat,
886 490 916 541 et
935 485 965 542 in
987 501 1054 544 oon·

20 551 215 614 itubernium
244 556 320 616 ultro
357 559 505 635 invitatus,
547 577 634 637 super
664 561 801 639 templum
831 562 899 624 Divi
930 565 1056 644 Augusti

10 636 23 675 ¹
52 647 143 716 ponte
159 642 345 717 transmisso,
374 640 512 703 Palatium
527 640 756 722 Capitoliumque
783 648 936 708 coniunxit.
974 649 1055 728 llox,

10 720 43 843 :p
56 740 113 800 quo
137 724 258 800 propior
273 735 366 802 esset,
397 727 426 784 in
445 743 512 787 area
535 724 697 805 Capitolina
720 745 814 790 norae
835 729 936 791 domus
957 732 1055 794 lunda·

23 846 26 855 ·
52 815 149 865 menta
172 808 250 866 iecit.

10 888 28 943 ῖς
116 891 268 969 Agrippae
289 910 322 950 se
340 900 477 969 nepotem
497 911 592 972 neque
617 893 696 953 credi
718 911 813 973 neque
835 895 891 957 dici
915 897 952 957 ob
973 900 1097 975 igno-23

10 962 29 1011 Π
52 972 191 1032 bilitatem
214 977 275 1034 eius
295 975 429 1053 volebat,
451 976 713 1055 suscensebatque,
742 980 834 1056 siqui
856 980 904 1040 vel
925 983 1054 1043 oratione

10 1054 28 1095 ³
52 1057 101 1117 vel
122 1058 247 1119 carmine
268 1058 439 1138 imaginibus
462 1079 526 1120 eum
547 1059 703 1121 Caesarum
724 1063 895 1122 insererent.
939 1065 1054 1126 Praedi-

10 1140 138 1202 ssooabat
158 1152 251 1204 autem
270 1154 390 1204 matrem
410 1162 490 1206 suam
509 1163 547 1204 ex
566 1146 697 1221 incesto,
721 1144 798 1224 quod
814 1146 963 1224 Augustus
991 1166 1055 1210 oum

49 1225 123 1286 lulla
151 1226 210 1288 lilia
240 1227 415 1306 admisisset,
446 1237 644 1308 procreatam
674 1246 709 1290 ao
738 1245 795 1289 non
825 1239 975 1293 contentus
1000 1233 1054 1294 bac

15 1306 24 1395 ῥ’
49 1311 177 1386 Augusti
199 1312 407 1390 insectatione,
433 1313 570 1374 Actiacas
594 1312 765 1392 Siculasque
786 1315 943 1394 victorias,
966 1325 996 1376 ut
1010 1317 1053 1376 in·

10 1404 19 1425 '⁵
48 1402 149 1454 nestas
170 1394 202 1454 P.
218 1396 253 1456 R.
275 1404 305 1455 et
329 1397 528 1474 calamitosas,
557 1399 648 1458 vetuit
664 1397 854 1459 sollemnibus
875 1399 955 1459 feriis
976 1399 1053 1460 cele·

10 1474 18 1511 ·“·
48 1478 139 1538 brari.
182 1478 289 1539 Liviam
306 1479 467 1558 Augustam
490 1483 653 1559 proaviam,
684 1481 799 1542 Ulixem
824 1482 958 1543 stolatum
974 1482 1052 1543 iden·

10 1558 138 1622 lfitidem
169 1563 337 1642 appellans,
376 1565 460 1624 etiam
487 1565 675 1641 ignobilitatis
707 1566 827 1643 quadam
857 1565 893 1626 ad
925 1575 1054 1627 senatum

10 1670 12 1675 ’
48 1645 175 1724 epistula
206 1665 331 1723 arguere
362 1665 448 1708 ausus
473 1657 533 1725 est,
560 1651 642 1727 quasi
668 1658 799 1710 materno
821 1667 875 1710 avo
898 1648 1054 1711 decurione

45 1729 187 1790 Fundano
205 1740 310 1801 ortam;
337 1750 400 1791 cum
421 1731 545 1811 publicis
563 1735 752 1792 monumentis
773 1742 883 1793 certum
898 1734 950 1811 sit,
975 1733 1052 1794 nan-

47 1814 125 1874 dium
139 1812 299 1874 Lurconem
320 1815 430 1876 Romae
450 1815 765 1877 honoribuslunctum.
796 1816 889 1876 Arias
911 1815 1052 1877 Antoniae

47 1906 194 1957 secretum
210 1899 318 1976 petenti
335 1898 507 1976 denegavit,
532 1900 587 1959 nisi
602 1908 633 1959 ut
648 1899 837 1960 interveniret
850 1900 950 1960 llaoro
967 1917 1052 1978 prae·
1091 1962 1098 1970 ,

10 1994 34 2037 m
47 1982 164 2057 lectus,
197 2000 231 2042 ae
249 2000 302 2060 per
320 1983 402 2042 istius
422 1983 499 2042 modi
520 1983 705 2060 indignitates
726 1993 756 2043 et
779 1983 874 2043 taedia
897 2000 983 2042 causa
1004 2000 1052 2041 ex·

45 2065 104 2124 titit
133 2066 251 2142 mortis,
281 2065 347 2125 dato
379 2075 487 2143 tamen,
519 2076 551 2126 ut
578 2065 691 2145 quidam
721 2075 835 2145 putant,
864 2075 893 2125 et
922 2081 1051 2134 veneno;

44 2167 104 2208 neo
125 2148 279 2208 defunctae
302 2149 390 2209 ullum
418 2149 558 2210 honorem
584 2148 699 2226 habuit,
732 2151 942 2228 prospexitque
966 2167 983 2208 e
1005 2149 1077 2208 tri-¹

45 2232 138 2293 olinio
171 2231 319 2291 ardentem
351 2250 464 2310 rogum.
508 2233 639 2294 Fratrem
671 2232 816 2293 'liberium
847 2233 1051 2311 inopinantem,

45 2324 173 2394 repente
196 2316 323 2376 immisso
344 2316 458 2376 tribuno
487 2317 621 2395 militum,
649 2317 808 2386 interemit;
839 2317 964 2378 Silanum
986 2316 1052 2374 item

10 2417 34 2459 us
47 2416 185 2459 socerum
205 2399 241 2460 ad
262 2417 364 2459 necem
388 2399 588 2479 secandasque
611 2401 753 2462 novacula
778 2401 879 2462 lauces
900 2399 1051 2480 compulit:

47 2492 182 2544 causatus
203 2484 232 2542 in
248 2491 387 2562 utroque,
420 2484 497 2564 quod
517 2483 564 2544 hio
586 2484 749 2562 ingressum
766 2503 799 2546 se
816 2485 955 2546 turbatius
972 2500 1051 2544 mare

45 2585 106 2626 non
120 2576 201 2627 esset
215 2576 331 2627 secutus
345 2586 381 2628 ao
396 2586 450 2646 spe
467 2568 629 2647 occupandi
650 2569 766 2646 urbem,
797 2569 822 2630 si
843 2567 911 2649 quid
927 2567 981 2628 sibi
997 2584 1051 2646 per

46 2659 236 2729 tempestates
260 2650 423 2728 accideret,
446 2654 645 2721 remansissem
673 2653 725 2713 ille
745 2651 900 2713 antidotum
922 2649 1050 2710 oboluis-

46 2742 108 2809 set,
138 2735 219 2813 quasi
241 2734 278 2795 ad
299 2735 503 2812 praecauenda
529 2754 643 2796 venena
668 2754 719 2796 sua
744 2744 900 2815 sumptum:
933 2751 995 2792 cum
1021 2738 1051 2790 et

10 2817 163 2881 oSilanus
192 2820 387 2895 inpatientiam
416 2836 543 2879 nauseae
571 2821 692 2879 vitasset
721 2828 750 2878 et
779 2819 941 2880 molestiam
972 2813 1049 2874 nari-

45 2900 148 2978 gandi,
180 2910 210 2961 et
224 2901 355 2960 'liberius
380 2911 502 2980 propter
519 2901 659 2962 assiduam
675 2911 705 2961 et
725 2902 978 2978 ingravescentem
992 2906 1049 2956 tus-

45 2985 101 3043 sim
116 2984 323 3045 medioamento
344 3003 413 3044 usus
439 2994 527 3044 esset.
571 2985 643 3044 Nam
662 2983 809 3045 Claudiurn
827 2991 958 3062 patruum
978 2996 1048 3039 non·

44 3069 101 3127 nisi
119 3068 148 3126 in
166 3068 316 3128 ludibrium
330 3069 502 3128 reservavit.

111 3150 181 3211 Cum
202 3152 332 3211 omnibus
357 3150 507 3211 sororibus
526 3152 584 3211 suis
607 3149 842 3211 consuetudinem
860 3146 951 3226 stupri
966 3144 1090 3222 recitas

10 3232 194 3314 *splenoquo
231 3236 365 3295 convivio
392 3234 520 3311 singulas
548 3235 621 3294 inira
651 3253 684 3293 se
712 3233 838 3293 vicissim
865 3227 1047 3305 conlocabat,

46 3335 140 3378 uxore
169 3337 256 3397 supra
286 3318 417 3378 cubante.
462 3317 508 3377 Ex
538 3319 573 3376 iis
593 3316 746 3376 Drusillam
767 3316 885 3376 vitiasse
906 3312 1048 3391 virginem

44 3412 246 3479 praetextatus
276 3402 367 3462 adhuc
399 3401 526 3461 creditur
549 3410 634 3478 atque
659 3400 743 3459 etlam
764 3400 792 3460 in
813 3397 965 3460 concubitu
985 3395 1048 3456 eius

47 3485 190 3563 quondam
213 3486 412 3564 deprehensus
443 3484 478 3545 ab
501 3483 626 3544 Antonia
654 3482 734 3560 ama,
764 3483 840 3562 apud
861 3498 944 3629 q9uam
965 3477 1046 3539 simul

98 3589 252 3630 submonitis.

10 3724 47 3771 h„
