2286 3944
443 219 548 270 nuno.
925 211 983 274 195

90 375 212 437 tiaciem
224 384 345 456 optento
357 374 472 437 sudario
486 392 591 454 equum
602 375 755 456 inscendit,
766 386 901 456 quattuor
912 380 985 440 solis

90 459 201 538 ultibus,
213 459 605 538 interquosetSporuserat.
628 461 983 540 Statimquet'remoreter·

90 542 332 622 blgureudverso
347 544 527 623 pavefactus,
542 544 629 604 audiit
643 547 807 624 eprouimis
816 545 983 607 castriscla·

90 646 99 687 ι
110 628 228 688 militum
241 636 271 687 et
282 626 336 688 sibi
349 627 471 689 adversa
483 637 512 688 et
518 626 628 688 Galbae
641 645 784 708 prospera
792 631 983 708 ominantium,

92 730 131 772 ex
149 711 244 773 obviis
261 711 421 772 viatoribus
445 712 585 790 quendam
603 711 760 772 dicentem:
777 712 821 773 dt
833 712 985 775 Neronem

90 802 225 876 suuntur,
241 795 325 855 alium
336 796 548 856 sciscitantem:
563 793 688 874 Ecquid
709 796 742 856 iu
762 794 840 857 urbe
860 798 934 858 oooc‘
947 797 985 858 de

90 881 136 940 te?
157 879 241 958 Equo
256 889 350 940 autem
362 898 399 938 ex
412 879 504 938 odore
517 879 665 941 abiectiin
681 880 727 940 via
746 879 896 940 cadaveris
916 898 984 940 con·

89 972 131 1041 to,
145 962 259 1023 detecta
274 964 352 1024 lucie
364 965 476 1040 agnitus
488 972 562 1023 esta
580 963 705 1042 quodam
722 965 850 1023 missicio
871 973 984 1042 praeto-

90 1055 111 1106 et
120 1047 269 1106 salutatus.
302 1047 341 1108 Ut
363 1047 397 1107 ad
415 1046 623 1107 deverticulum
642 1057 757 1107 ventum
777 1056 837 1124 est,
862 1047 984 1107 dimissis

94 1131 169 1190 inter
180 1131 314 1191 fruticeta
327 1148 361 1190 ao
371 1148 478 1209 vepres
491 1149 545 1209 per
556 1130 735 1192 harundineti
748 1133 878 1191 semitam
894 1149 984 1208 aegre

90 1216 110 1274 si
122 1222 210 1276 strata
221 1214 274 1274 sub
285 1214 411 1294 pedibus
423 1223 506 1274 veste
526 1213 562 1274 ad
582 1233 716 1275 aversum
738 1215 826 1275 villae
844 1215 983 1294 parietem

109 1297 152 1358 lbi
163 1297 296 1359 hortante
308 1298 412 1358 eodem
422 1297 561 1375 Phaonte,
574 1307 604 1357 ut
615 1299 727 1358 iuterim
736 1301 765 1358 iu
778 1317 897 1378 specum
912 1317 982 1376 ege·

90 1399 190 1442 urenae
203 1381 396 1458 concederet,
408 1384 526 1458 negavit
536 1398 572 1441 se
587 1381 689 1442 ciocum
709 1381 767 1442 cub
790 1389 906 1443 terrum
923 1383 981 1443 itu·

90 1483 125 1526 ac
140 1483 293 1544 parumper
312 1474 518 1543 commoratus,
538 1465 602 1525 dum
622 1466 817 1527 clandestinus
833 1466 869 1527 ad
886 1467 984 1526 villam

90 1567 121 1608 us
137 1558 296 1627 pararetur,
317 1567 418 1628 aquam
435 1567 472 1608 ex
489 1548 618 1610 subiecta
640 1549 742 1609 lacuna
762 1559 883 1629 poturus
900 1569 984 1610 manu

99 1641 127 1691 et
138 1629 226 1693 liceo
240 1639 300 1709 est,
324 1635 432 1710 inquit,
450 1629 584 1693 Neronis
605 1632 751 1694 decocto!
773 1633 854 1711 dein,
871 1634 984 1694 divolsa

90 1734 119 1776 us
130 1715 262 1794 paenula,
272 1717 411 1776 traiectos
423 1717 556 1776 surculos
565 1719 646 1776 rasit.
669 1716 766 1796 Atque
777 1719 815 1778 ita
826 1718 983 1796 quadripes

90 1801 203 1876 ugustias
216 1800 343 1860 effossae
358 1817 501 1860 cavernae
512 1809 651 1879 receptus
662 1802 690 1860 in
703 1803 861 1880 proximam
870 1802 982 1877 cellam,

90 1884 125 1945 uit
136 1901 224 1960 super
235 1883 342 1943 lectum
352 1882 465 1943 modica
479 1884 592 1961 culcita,
605 1893 705 1944 vetere
719 1885 806 1962 pallio
821 1894 929 1961 strato,
942 1885 983 1942 in·

90 1984 144 2035 1m;
168 1966 303 2045 fameque
322 1975 351 2026 et
370 1968 472 2026 iterum
490 1968 536 2026 siti
554 1967 772 2046 interpellante,
800 1985 904 2045 panem
923 1966 983 2044 qui-

90 2048 218 2109 ordidum
235 2050 362 2110 oblatum
380 2059 552 2129 aspernatus
571 2059 631 2127 est,
650 2068 744 2128 aquae
762 2059 856 2109 autem
867 2048 983 2127 tepidae

90 2142 164 2194 ntum
174 2131 255 2193 bibit.
277 2133 357 2193 'l'uuo
368 2151 425 2193 uno
440 2151 556 2212 quoque
568 2133 634 2192 hinc
646 2132 711 2191 inde
723 2133 846 2193 instante
857 2143 887 2193 ut
899 2136 1025 2212 quamsit

90 2235 111 2276 u
123 2235 156 2277 se
171 2217 400 2296 impendentibus
419 2216 600 2277 coutumeliis
619 2217 756 2294 eriperet,
776 2216 912 2277 scrobem
934 2233 982 2276 co·
1063 2285 1066 2290 ,

90 2303 128 2361 eri
140 2301 301 2380 imperauit,
318 2301 461 2361 dimensus
474 2300 510 2360 ad
523 2301 658 2379 corporis
671 2300 714 2360 sui
725 2300 886 2379 modulum,
905 2318 982 2362 oom-

90 2402 118 2444 ιε
130 2384 223 2462 simul,
236 2385 261 2444 si
273 2403 329 2463 qua
340 2386 546 2461 invenirentur,
559 2384 649 2444 frusta
661 2385 826 2462 marmoris,
840 2393 868 2444 et
880 2403 983 2464 aquam
997 2415 1002 2422 ·

90 2485 121 2528 ac
133 2468 211 2546 ligna
225 2469 351 2528 conferri
365 2468 491 2528 curando
504 2485 571 2528 mox
585 2467 728 2546 cadaveri,
741 2470 814 2530 llens
827 2468 981 2548 adsiugula

90 2551 242 2612 identidem
253 2551 402 2612 dictitans:
417 2550 529 2625 Qualis
544 2551 663 2631 ortifcc
676 2556 793 2631 pereo!

90 2644 128 2694 ter
138 2653 235 2696 moras
253 2635 383 2715 perlatos
396 2653 412 2695 a
426 2654 546 2696 cursore
558 2636 679 2697 Phaonti
698 2638 852 2698 codicillos
872 2639 981 2716 praeri-

91 2721 199 2798 gitque,
211 2739 244 2780 se
258 2720 372 2780 hostem
385 2737 401 2780 a
413 2729 514 2780 senatu
525 2720 828 2800 iudicatumetquaeri,
840 2730 869 2780 ut
883 2722 981 2799 punia-

90 2821 131 2864 tre
140 2803 301 2880 modorum,
317 2805 564 2883 interrogavitque
577 2805 661 2883 quale
674 2805 702 2863 id
713 2823 806 2882 genus
818 2813 897 2863 esset
909 2821 982 2882 poe-

91 2894 102 2946 t
114 2905 177 2947 cum
190 2888 393 2966 comperisset,
406 2887 471 2947 nudi
483 2887 605 2948 hominis
618 2890 764 2948 cervicem
775 2889 862 2947 inseri
870 2887 980 2962 furcae,

90 2988 97 3029 t
109 2973 198 3048 virgis
210 2971 245 3032 ad
256 2989 359 3031 necem
371 2971 463 3048 caedi,
477 2974 650 3032 conterritus
658 2971 730 3030 duos
738 2974 893 3050 pugiones,
907 2988 980 3048 quos

103 3056 259 3133 extulerat,
277 3055 406 3133 arripuit,
425 3064 618 3133 temptataque
636 3056 783 3133 utriusque
801 3055 864 3114 acie
882 3072 981 3112 rursus

90 3138 129 3216 lit,
147 3149 279 3200 causatus
289 3139 422 3200 noudum
437 3139 547 3200 adesse
555 3139 685 3216 fatalem
696 3138 806 3198 horam
813 3162 828 3208 ;
848 3154 881 3196 ac
893 3136 979 3196 modo

88 3242 115 3282 m
126 3223 294 3284 hortabatur
305 3232 334 3282 ut
346 3223 494 3284 lamentari
512 3242 546 3283 ac
564 3222 705 3300 plangere
723 3223 875 3300 inciperet,
894 3221 980 3281 modo

102 3316 131 3367 ut
144 3326 176 3368 se
189 3308 290 3387 aliquis
303 3307 337 3367 ad
348 3317 470 3367 mortem
488 3305 696 3384 capessendam
710 3305 845 3383 exemplo
854 3306 979 3376 iuvaret;

90 3410 127 3451 rm
140 3395 291 3470 segnitiem
309 3410 389 3452 suam
405 3391 449 3451 his
466 3390 565 3450 verbis
583 3388 767 3467 increpabat:
787 3387 861 3451 Vc'oo
876 3387 979 3468 defor-

99 3464 348 3554 turpc'ter*—ori
359 3469 476 3555 πρέπει
485 3467 631 3553 Νέρωνι,
645 3465 686 3534 οὐ
695 3466 851 3615 πρέπῖεᾷ-
858 3465 981 3554 νήφειν
