2256 3930
455 244 737 294 vrnnnurus.
1025 230 1082 291 221

90 409 187 459 torum
203 397 490 477 publicanorumque,
509 400 556 476 qni
571 417 704 478 umquam
719 419 752 460 se
768 409 815 459 aut
830 397 940 457 Romae
960 397 1086 457 debitum

93 491 142 543 aut
156 485 184 541 in
198 482 245 540 via
259 481 419 558 portorium
434 481 625 559 flagitassent,
641 485 691 542 vix
705 483 755 542 ulli
767 483 915 562 pepercit;
933 481 1086 559 exquibus

94 565 237 644 quendam
264 566 292 623 in
318 565 382 643 ipsa
408 565 581 626 salutatione
607 567 751 645 supplicio
778 566 909 625 traditum
935 568 1086 643 statimque

93 658 274 724 revocatum,
295 649 406 707 cunctis
422 647 602 709 clementiam
622 650 817 727 laudantibus,
843 667 941 709 coram
964 649 1087 708 interfici

68 734 187 810 siussit,
204 732 282 791 velle
294 749 326 789 se
345 731 445 791 dicens
460 750 595 810 pascere
609 735 738 804 oculas,·
754 733 873 793 alterius
886 750 1000 810 poenae
1013 733 1086 792 duos

94 817 170 877 lilios
188 815 467 893 adiecit'deprecani
490 834 544 895 pro
565 827 648 895 patre
672 827 802 877 conatos.
832 816 891 876 Sed
912 826 940 876 et
961 818 1086 895 equitem

93 901 129 960 R.
147 899 387 978 proclamantem,
405 917 467 958 cnm
489 910 641 978 raperetur
664 901 699 961 ad
722 918 859 980 poenam:
884 899 982 959 Heres
1002 917 1087 959 meaa

94 985 147 1044 esi
160 982 301 1043 exhibere
312 985 475 1042 testamenti
487 983 599 1044 tabulas
613 987 720 1061 coegit,
733 994 820 1063 utque
832 985 904 1061 legit
912 983 1087 1043 coheredem

95 1067 150 1126 sibi
164 1067 299 1126 libertum
316 1068 378 1125 eius
399 1069 571 1146 ascriptum,
592 1068 715 1145 iugulari
732 1087 795 1127 cum
807 1068 912 1128 liberto
926 1069 1085 1146 imperavit.

62 1150 243 1227 rcouosdam
259 1159 288 1209 et
309 1149 344 1209 de
366 1150 453 1229 plebe
474 1151 511 1210 ob
534 1151 562 1210 id
583 1153 689 1230 ipsum,
717 1152 793 1231 quod
816 1154 947 1213 Venetae
967 1151 1087 1211 factioni

96 1236 176 1295 clare
188 1233 266 1294 'male
282 1233 422 1311 dixerant,
438 1236 596 1312 interemit,
613 1245 778 1315 contemptu
793 1238 837 1296 sui
853 1245 882 1295 et
895 1254 970 1295 nova
992 1252 1045 1314 spe
1059 1234 1088 1293 id

13 1342 16 1347 ·
95 1336 184 1380 ausos
208 1319 350 1396 opinatus.
385 1317 480 1377 Nullis
508 1328 602 1378 tamen
624 1320 765 1380 infensior
783 1339 866 1398 quam
880 1318 1045 1380 vernaculis
1059 1327 1088 1378 et

93 1403 312 1477 mathematicis,
326 1410 356 1459 ut
372 1404 493 1481 quisque
509 1403 681 1480 deferretur,
698 1404 851 1464 inauditum
872 1405 967 1482 capite
989 1405 1090 1492 punie3

94 1487 153 1563 bat,
170 1484 373 1560 exacerbatus,
390 1486 467 1564 quod
481 1496 547 1565 post
563 1487 687 1545 edictum
703 1507 792 1565 suum,
809 1506 866 1567 qno
881 1487 999 1547 iubebat
1014 1489 1087 1546 intra

60 1569 142 1632 tslll.
160 1569 223 1629 Oct.
241 1568 313 1628 urbe
329 1568 468 1648 Italiaque
483 1570 674 1630 mathematici
692 1573 880 1649 excederent,
898 1573 992 1631 statim
1004 1570 1087 1630 libel·

10 1686 16 1711 -.
94 1655 140 1714 lus
155 1654 324 1732 propositus
343 1662 398 1730 est,
416 1661 445 1713 et
457 1653 634 1715 Chaldaeos
650 1655 764 1731 dicere,
782 1656 893 1716 bonam
906 1654 1035 1733 factam,
1050 1672 1089 1714 ne

96 1737 238 1798 Vitellios
253 1735 455 1797 Germanicas
469 1738 553 1798 iatra
569 1739 695 1799 eandem
712 1739 922 1801 Calendarum
939 1740 1018 1799 diem
1035 1756 1086 1798 aa·

92 1839 188 1901 qaam
202 1827 292 1881 asach
326 1822 486 1900 Suspectus
502 1831 530 1881 et
547 1824 575 1881 in
590 1834 682 1883 morte
694 1827 791 1883 matris
804 1825 866 1899 init,
885 1826 967 1901 quasi
980 1840 1088 1899 aegrae

93 1905 232 1984 praeberi
249 1904 342 1964 cibum
359 1905 563 1984 prohibuisset,
578 1909 752 1967 vaticinante
769 1907 871 1967 Gattha
888 1907 1025 1981 muliere,
1043 1908 1087 1964 cui

38 2009 80 2049 ,rc
93 1989 174 2048 velut
188 1987 308 2048 oraculo
323 1989 539 2067 adquiescebat,
556 1993 596 2050 ita
614 1991 725 2050 demum
744 1993 862 2051 tirmiter
880 2009 914 2049 ac
931 1990 1088 2048 diutissime

91 2076 312 2152 imperaturum,
337 2073 361 2131 si
385 2083 536 2152 superstes
559 2076 671 2152 parenti
693 2077 845 2133 extitisset.
889 2072 948 2132 Alii
975 2072 1090 2132 tradunt

92 2159 187 2237 ipsam
208 2156 305 2216 taedio
328 2159 522 2235 praesentium
542 2166 571 2216 et
591 2159 794 2216 imminentium
813 2166 890 2216 metu
912 2174 1054 2216 venenum
1073 2173 1089 2215 a

93 2241 155 2301 lilio
172 2241 356 2319 impetrasse,
375 2240 448 2300 haud
464 2259 533 2300 sane
551 2241 715 2301 difficulter.

156 2323 267 2384 Octavo
282 2323 395 2404 imperii
411 2342 510 2384 mense
527 2325 712 2384 desciverunt
727 2324 762 2384 ab
785 2343 821 2385 eo
845 2325 992 2384 exercitus
1008 2323 1113 2390 blac-1

55 2434 83 2474 as
96 2411 203 2469 siarum
223 2417 309 2486 atque
330 2408 512 2486 Pannoniae,
537 2411 604 2468 item
628 2428 666 2468 ex
687 2410 883 2468 transmarinis
905 2407 1038 2468 Iudaicus
1061 2415 1090 2465 et

94 2493 266 2568 Syriaticus,
281 2511 316 2552 ac
334 2511 402 2571 pars
418 2494 446 2550 in
465 2492 591 2570 absentis
607 2511 676 2570 pars
691 2495 720 2551 in
735 2495 897 2573 praesentis
915 2491 1089 2572 Vespasiani

94 2575 186 2636 verba
208 2575 343 2635 iurarunt.
397 2574 444 2635 Ad
466 2576 644 2636 retinendum
666 2596 738 2654 ergo
763 2587 925 2637 ceterorum
946 2576 1090 2636 hominum

95 2659 218 2720 studium
232 2677 267 2718 ac
280 2659 421 2736 favorem,
439 2660 508 2719 nihil
527 2679 584 2720 non
601 2661 715 2740 publice
734 2663 923 2740 privatimque
945 2660 1024 2719 nullo
1041 2657 1088 2718 ad·

94 2743 185 2804 bibito
204 2743 289 2802 modo
307 2742 429 2820 largitus
444 2753 498 2803 est.
528 2745 671 2804 Dilectum
690 2764 805 2824 quoque
824 2763 859 2805 ea
876 2743 1046 2804 condicione
1061 2742 1090 2799 in

55 2845 85 2886 sc
96 2827 169 2887 urbe
185 2827 256 2904 egit,
274 2836 304 2886 ut
318 2828 490 2887 voluntariis
505 2846 562 2888 non
574 2829 660 2888 modo
673 2831 838 2888 missionem
850 2837 917 2906 post
930 2827 1089 2901 victoriam,

95 2911 250 2972 sedetiam
266 2920 470 2971 veteranorum
486 2914 635 2991 iustaeque
653 2913 771 2972 militiae
793 2910 944 2972 commoda
967 2909 1089 2987 pollice·

93 3005 184 3056 retur.
216 2995 340 3071 Urgenti
358 2995 462 3055 deinde
478 3005 556 3056 terra
572 2999 700 3075 marique
717 2995 793 3056 hosti
811 2995 877 3054 hinc
893 2995 1009 3053 tratrem
1027 3011 1090 3052 cum

95 3079 192 3139 classe
208 3097 243 3138 ac
257 3079 397 3138 tironibus
414 3089 442 3140 et
461 3080 651 3157 gladiatorum
671 3098 755 3138 manu
771 3079 925 3157 opposuit,
948 3076 1014 3135 hinc
1035 3075 1089 3135 ne-

93 3164 257 3222 triacenses
273 3166 375 3242 copias
390 3173 418 3222 et
433 3163 538 3233 duces;
562 3173 647 3242 atque
670 3163 777 3240 ubique
800 3171 847 3221 aut
869 3169 1021 3239 superatus
1044 3169 1091 3219 aut

57 3245 241 3326 asproditus,
256 3247 378 3307 salutern
393 3248 448 3306 sibi
470 3257 499 3307 et
520 3248 612 3307 milies
634 3249 796 3307 sestertium
820 3263 836 3305 a
857 3244 959 3305 Flavio
982 3243 1088 3303 Sabino

93 3332 270 3409 Vespasiani
296 3331 385 3391 fratre
414 3334 540 3410 pepigit;
577 3334 729 3408 statimque
757 3347 808 3409 pro
839 3328 976 3406 gradibus
1000 3327 1089 3388 Palati

92 3414 169 3494 apud
185 3414 355 3492 frequentes
370 3415 492 3492 milites,
515 3416 621 3475 cedere
638 3433 670 3474 se
688 3415 810 3492 imperio
828 3413 905 3493 quod
925 3414 1030 3472 invitus
1044 3429 1089 3470 re·

94 3500 241 3578 cepisset,
265 3499 430 3577 professus,
456 3501 566 3560 cunctis
586 3497 809 3559 reclamantibus
830 3517 891 3558 rem
911 3497 1032 3572 distulit,
1055 3510 1090 3552 ac
