2286 3944
112 211 175 274 208
198 223 228 271 c.
242 220 392 271 suuroru
404 219 535 279 renuo.
552 219 600 266 un
612 217 696 266 vrrs
709 217 898 268 cassanum
908 220 979 266 um.
992 220 1053 268 vn.

115 380 264 441 auctore?
283 375 483 454 responderim
504 383 592 454 atque
608 375 637 433 in
655 372 749 435 iorum
765 391 858 454 usque
881 377 1045 453 prooessit.
1070 373 1106 436 ltt

115 464 237 542 equites,
254 460 357 540 quibus
371 458 504 519 mandata
516 457 701 535 oaedeserat,
711 475 775 517 oum
786 475 840 537 per
849 458 1001 538 publicum
1012 458 1105 520 dimota

115 562 294 627 paganorum
307 541 389 604 turba
405 559 498 622 equos
510 542 690 619 adegissent,
700 543 766 601 viso
780 541 884 621 prooul
896 559 947 622 eo,
960 560 1105 623 parumper

115 631 296 698 restiterunt;
315 627 382 687 dein
399 644 511 686 rursum
527 627 635 686 incitati
655 623 801 686 desertum
818 643 835 686 a
853 627 916 686 suis
934 626 1105 688 oontruoide

116 722 191 775 mul.
1114 722 1124 762 l

74 803 111 857 20
181 797 253 857 Sunt
265 797 313 875 qui
328 794 450 870 tradant,
466 793 501 854 ad
516 795 637 873 primum
649 792 796 853 tumultum
818 792 1022 871 proclamasse
1038 811 1106 854 eun:

120 879 203 957 Quid
223 880 317 961 opitis
338 877 580 940 commilitones?
599 894 655 956 epo
675 883 778 937 vester
798 892 881 953 tam,
913 883 945 937 et
961 895 1023 938 ooa
1044 876 1107 937 mail

119 965 283 1027 donativum
295 965 380 1023 etiam
392 961 562 1041 pollioitum.
597 960 700 1021 Plures
711 969 806 1021 autem
817 960 1019 1039 prodiderunt,
1037 969 1107 1040 opta

119 1050 192 1111 lisse
202 1047 278 1108 ultro
290 1047 416 1124 iugulum
428 1055 456 1105 et
467 1044 569 1106 atboo
580 1051 717 1123 opereat,
731 1061 770 1104 oo
778 1042 920 1122 ferirent,
935 1044 1063 1124 quondo
1072 1044 1108 1104 tto

119 1130 292 1207 uideretur,
313 1130 465 1191 hortatum.
496 1127 571 1188 Illud
595 1130 694 1187 mirum
716 1127 867 1188 admodum
887 1129 993 1206 luerit,
1024 1140 1131 1208 nequeo

122 1215 316 1296 praesentium
339 1231 509 1292 quemquam
536 1229 624 1290 opem
639 1213 805 1291 imperatori
829 1212 909 1272 lerre
934 1220 1108 1273 oonatumet

122 1317 222 1360 omues
235 1299 284 1376 qui
296 1297 506 1358 arcessirentur
521 1296 672 1374 sprevisse
682 1297 818 1372 nuntium,
833 1305 962 1374 excepta
971 1295 1108 1357 Germani·

123 1384 269 1443 oianorum
280 1379 479 1439 vexillatione.
508 1377 531 1439 li
543 1379 581 1439 ob
595 1398 702 1441 reoeus
714 1380 845 1440 meritum
863 1379 943 1459 quod
956 1399 992 1441 se
1009 1394 1108 1457 aegros

122 1475 152 1526 et
169 1462 311 1522 invalidos
328 1480 508 1540 magnopere
530 1463 671 1541 fovisset,
700 1465 729 1523 in
747 1464 881 1524 auxillum
897 1464 1108 1540 advolaremnt

122 1546 174 1609 ned
185 1548 287 1622 serius,
301 1547 404 1606 itinere
417 1546 502 1606 devio
516 1565 569 1626 per
576 1548 767 1624 ignorantiam
779 1547 912 1608 looorum
923 1547 1069 1608 retardati.
1114 1561 1131 1602 u

184 1630 333 1707 Iugulatus
345 1641 390 1690 est
402 1631 438 1690 ad
449 1631 543 1690 laoum
556 1629 635 1693 Curti
647 1650 682 1692 ao
693 1632 814 1692 reliotus
824 1633 863 1692 ita
873 1634 913 1692 uti
926 1640 1006 1709 erat,
1025 1630 1109 1692 doueo

122 1716 276 1795 gregarius
287 1714 370 1774 miles
382 1732 398 1774 a
410 1716 631 1775 frumentatione
649 1715 767 1775 rediens
784 1715 900 1775 abieoto
919 1733 1012 1776 onere
1034 1721 1110 1792 oaput

124 1800 152 1860 ei
164 1800 334 1878 amputavit;
348 1806 377 1857 et
389 1799 522 1877 quoniam
535 1799 642 1876 oapillo
656 1801 786 1877 arripere
799 1817 856 1858 non
870 1808 996 1878 poterat,
1013 1799 1041 1857 in
1052 1813 1109 1875 gne·

123 1885 208 1944 mium
220 1882 342 1960 addidit,
354 1898 424 1941 mox
435 1883 543 1942 inserto
556 1901 610 1961 per
622 1901 657 1943 os
669 1883 779 1962 pollioe
798 1882 834 1944 ad
845 1881 990 1943 Othonem
1007 1879 1109 1941 detulit.

124 1968 179 2029 llle
190 1967 257 2027 liris
270 1965 476 2045 calonibusque
488 1966 614 2044 donavit,
626 1969 674 2046 qui
688 1967 770 2027 basta
782 1967 916 2026 suiflxum
928 1984 987 2026 nou
999 1967 1062 2025 sine
1075 1963 1109 2023 lu·

126 2051 219 2113 dibrio
232 2054 339 2111 oiroum
352 2060 446 2111 castra
458 2058 616 2129 portarunt,
628 2050 823 2111 adclamantes
834 2049 1004 2110 identidem:
1017 2046 1113 2109 emto

127 2134 259 2214 &spida
274 2134 398 2214 fruaris
412 2140 514 2195 aetate
527 2135 601 2194 toa!
627 2135 749 2194 manime
767 2134 867 2195 irritati
885 2133 921 2195 ad
935 2134 1024 2194 talem
1040 2134 1112 2193 iooo

125 2238 188 2280 rum
199 2219 394 2298 petulantiam,
408 2217 485 2298 quod
497 2226 563 2278 ante
575 2236 686 2296 pauoos
698 2217 759 2278 dies
772 2220 884 2278 exierat
894 2220 923 2277 in
932 2217 1049 2296 vulgus,
1060 2217 1112 2277 lau

127 2302 203 2364 danti
221 2302 462 2362 ouidamlormam
477 2320 556 2362 suam
568 2311 599 2361 ut
616 2301 709 2362 adbuo
726 2301 855 2362 lloridam
872 2311 902 2362 et
913 2311 1053 2378 vegetam
1072 2317 1112 2359 re

126 2385 282 2463 spondisse
295 2404 359 2444 eum
368 2407 374 2444 :
383 2376 455 2444 Ἔτι
464 2379 521 2463 μοὶ
529 2380 628 2463 μένος
639 2376 784 2464 ἔμπεδόν
794 2381 894 2446 ἐστιν.
923 2384 971 2444 Ab
982 2386 1008 2444 is
1020 2384 1137 2445 raros

125 2467 166 2527 bii
179 2466 336 2525 Neroniani
347 2466 468 2526 libertus
481 2478 594 2527 eentum
606 2471 701 2529 aureis
712 2469 890 2549 redemptum
909 2486 946 2528 eo
959 2467 1048 2546 looo,
1071 2465 1113 2526 ulti

125 2552 205 2610 iussu
218 2548 327 2609 Galbae
340 2549 567 2610 animadversum
578 2553 607 2609 in
619 2561 770 2630 patronum
782 2571 862 2613 suum
875 2553 985 2630 luerat,
1003 2552 1113 2612 ableoit.

128 2635 201 2694 Sero
213 2632 325 2692 tandem
337 2632 520 2710 dispensator
533 2633 661 2712 Argivus
674 2645 703 2696 et
714 2636 772 2698 boo
791 2646 821 2698 et
839 2645 968 2696 oeterum
989 2644 1115 2696 truncum

128 2720 157 2777 iu
172 2716 290 2795 privatis
303 2717 365 2775 eius
377 2715 468 2774 bortis
479 2715 600 2778 Aurelia
609 2721 656 2779 via
667 2720 835 2798 sepulturae
847 2719 934 2784 dedit.
1093 2785 1101 2803 .

85 2809 119 2864 21
190 2800 303 2859 Statura
325 2799 378 2858 luit
398 2800 489 2876 insta,
513 2802 609 2878 eapite
634 2803 811 2882 praeoalro,
845 2803 937 2864 oeulis
966 2802 1140 2880 oaemleiatt

127 2883 238 2946 adunoo
250 2899 336 2959 naso,
353 2881 481 2943 manibus
497 2883 679 2966 pedibusque
698 2887 842 2949 artionlari
859 2886 962 2948 morbo
979 2886 1116 2948 distortis

127 2967 214 3043 simis,
226 2974 256 3026 ut
268 2966 362 3046 neque
376 2965 505 3027 oaloeum
518 2972 635 3048 perpeti
650 2989 705 3030 neo
722 2970 841 3032 libellos
856 2971 998 3031 evolvere
1015 2979 1065 3030 aut
1078 2979 1115 3030 te·

126 3069 197 3111 nere
209 3051 325 3111 omnino
341 3049 462 3111 valeret.
498 3050 680 3114 Exoreverat
698 3056 782 3116 etiam
797 3056 826 3114 in
843 3054 1011 3115 dexteriore
1029 3054 1118 3116 latera

129 3136 190 3194 eius
200 3152 279 3212 caro,
296 3134 572 3215 praependebatque
589 3136 663 3198 adeo
680 3147 711 3199 ut
726 3157 817 3217 aegre
831 3139 924 3199 lasoia
940 3138 1117 3216 substringe

85 3219 214 3278 daretur.
241 3217 304 3278 cibi
316 3220 429 3298 plurimi
440 3220 568 3299 traditur,
586 3239 671 3300 quem
682 3231 814 3301 tempore
825 3222 1143 3283 bibernoedamarw

127 3302 222 3363 luoem
239 3320 348 3380 oapere
363 3312 532 3381 consuerat,
548 3307 624 3366 inter
642 3324 760 3366 caenam
774 3325 846 3367 vero
866 3324 958 3386 usque
976 3323 1013 3366 eo
1033 3305 1118 3366 abun-

128 3384 230 3459 dantis,
242 3394 272 3443 ut
290 3397 448 3462 congestas
459 3405 548 3466 super
558 3407 657 3448 manus
668 3388 806 3467 reliquias
817 3390 997 3450 oiroumierri
1006 3388 1121 3450 iuberet

128 3469 285 3549 'pappiana
298 3467 332 3513 aad
345 3487 360 3516 r
371 3469 436 3513 ndns·
450 3471 542 3518 aloarii„
564 3505 579 3518 ,.
628 3470 764 3518 [ἷὶιίἆιήἰσ
776 3474 803 3515 t„
818 3491 914 3533 mqaptsq
933 3475 1072 3552 pronior,
1093 3480 1121 3533 θῇ
