2286 3944
112 193 174 256 248
191 207 219 255 c.
236 206 384 254 sunnonr
402 205 529 266 nunno.
546 207 594 253 nn
608 207 692 254 vrrs
714 206 903 257 consanum
918 208 989 257 ors.
1004 210 1069 258 vnn

111 369 253 439 nataeque
275 360 424 419 saevitiae.
457 360 597 421 hotonem
621 378 792 421 summarum
815 361 911 441 pridie
933 381 1018 442 qnam
1032 365 1095 424 cruci
1122 390 1124 395 ·

111 447 215 522 figeret
235 445 264 502 in
285 443 446 503 cubiculum
468 447 603 521 vocavit,
627 443 757 504 assidere
776 446 806 504 in
822 455 889 505 toro
905 447 985 508 iuxta
1003 451 1095 524 coegit,
1127 460 1139 501 t:

111 547 244 589 securum
260 527 440 606 hilaremque
458 529 578 606 dimisit,
603 527 731 609 partibus
749 531 836 589 etiam
852 529 888 589 de
906 547 998 592 caena
1014 531 1095 608 digna
1126 526 1139 585 l·

111 621 157 672 tus
172 620 225 671 est.
249 610 420 672 Arrecinum
435 611 613 672 Clementem
629 610 829 690 consularem,
840 631 928 673 unum
940 632 956 674 e
968 615 1095 675 familiari·
1126 629 1138 685 h

112 697 165 756 bus
186 705 214 754 et
230 697 388 756 emissariis
404 697 477 773 suis,
498 697 601 775 capitis
617 695 873 774 condemnaturus,
902 701 931 756 in
946 698 1044 759 eadem
1058 697 1110 758 vela
1132 699 1139 755 l

113 783 198 840 etiam
214 783 324 840 maiore
339 782 432 856 gratia
446 780 559 856 habuit,
576 779 672 859 quoad
688 781 847 841 novissime
871 782 957 841 simul
972 783 1093 860 gestanti,
1125 783 1137 857 i

114 873 275 943 conspecto
293 863 423 923 delatore
439 866 515 939 eius,
535 861 587 922 Vis
602 864 694 941 inquit
712 864 793 924 hone
811 865 1032 944 nequissimum
1045 884 1093 926 ser·
1126 882 1138 923 -t

114 966 184 1009 oum
199 965 273 1008 cruc
292 947 477 1008 audiamus?

199 1031 237 1091 Et
248 1050 305 1111 quo
322 1034 512 1111 contemptius
526 1030 692 1090 abuteretur
707 1033 844 1110 patientia
856 1032 1017 1109 hominum,
1032 1049 1093 1090 uum·
1129 1052 1139 1093 a:

114 1135 197 1196 quam
214 1115 371 1175 tristiorem
389 1117 558 1176 senteutiam
573 1116 636 1174 sinc
652 1114 833 1193 praefatione
854 1116 1026 1176 elementiae
1041 1131 1094 1194 pro·

113 1200 267 1274 nuntiavit,
283 1208 312 1258 ut
327 1217 384 1258 non
399 1199 475 1258 aliud
489 1201 543 1258 iam
557 1200 663 1258 certius
678 1201 786 1258 ahocis
796 1201 890 1258 exitus
905 1201 1020 1276 signum
1031 1205 1095 1258 esset
1132 1202 1139 1251 ’ζ

113 1301 197 1362 quam
220 1283 354 1361 principii
374 1282 486 1342 lenitas.
519 1281 666 1357 Quosdam
686 1283 843 1342 maiestatis
864 1300 934 1343 reos
956 1285 985 1341 in
1002 1283 1095 1342 ourian
1137 1307 1139 1343 ε

112 1367 278 1441 induxerat,
308 1374 337 1424 et
367 1383 429 1424 cum
457 1365 667 1444 praedixisset,
696 1371 894 1444 experturam
919 1384 954 1426 se
979 1365 1096 1427 iliadis
1138 1393 1139 1428 l

112 1467 204 1528 quom
220 1464 317 1508 corus
333 1450 455 1509 senatui
472 1458 567 1526 esset,
586 1450 673 1509 facile
693 1451 859 1530 perfecerat
874 1459 905 1510 nt
921 1453 1008 1511 etiam
1029 1466 1095 1510 more

111 1533 247 1592 maiorum
260 1533 394 1610 puniendi
408 1532 685 1604 condemnarentnr;
705 1533 809 1594 deinde
824 1536 978 1595 atrocitate
995 1550 1095 1614 poenae
1135 1605 1138 1613 Ι

113 1617 301 1691 conterritus,
327 1616 363 1676 ad
386 1617 548 1677 leniendam
568 1617 720 1694 invidiam,
741 1619 908 1678 intercessit
929 1617 976 1678 his
996 1617 1094 1678 verbis·¹

113 1703 223 1778 (neque
238 1701 313 1759 enim
328 1700 363 1761 ab
377 1719 410 1759 re
432 1702 517 1761 fuerit
537 1703 600 1780 ipsa
625 1701 823 1780 cognoscere)
845 1700 1029 1777 Permittite,
1048 1717 1094 1780 po·
1131 1725 1133 1758 ;

112 1791 175 1844 tres
191 1784 374 1863 conscripti,
395 1801 415 1844 α
428 1786 545 1863 pietate
559 1793 666 1846 oestro
679 1786 858 1864 impetrari,
876 1785 962 1865 qood
976 1788 1042 1846 scio
1061 1801 1096 1845 mc

112 1867 279 1946 difficulter
296 1868 546 1947 impetratorum,
568 1876 603 1930 ut
618 1869 774 1930 damantis
789 1869 918 1930 liberum
932 1871 1042 1930 mortis
1055 1887 1096 1929 or·

113 1951 237 2014 bitricus
263 1953 470 2033 iudotpeotis;
497 1971 570 2035 qam
595 1961 624 2014 ct
649 1954 790 2032 parcetis
817 1954 916 2014 oculis
941 1954 1055 2014 vestris
1078 1957 1098 2012 st
1132 1957 1138 2012 'a

112 2037 284 2117 tatettepcm
296 2056 343 2106 um
358 2055 461 2099 omnes
477 2039 599 2098 senatui
612 2037 799 2116 interfuisse.
1134 2038 1135 2045 ’

72 2137 104 2191 12
174 2121 340 2182 Exhaustus
365 2140 486 2202 opernm
508 2140 543 2181 ae
564 2141 711 2182 munerum
732 2122 868 2201 impensis
893 2121 1097 2200 stipendioque,
1132 2122 1133 2127 ’

113 2206 189 2285 quod
205 2205 367 2283 adiecerat,
392 2208 542 2285 temptavit
558 2205 672 2285 quidem
694 2205 728 2266 ad
749 2203 925 2266 relevandos
943 2214 1098 2264 castrenses
1133 2226 1139 2263 c

112 2300 254 2369 sumptus,
273 2309 419 2350 numerum
434 2290 552 2350 militum
567 2290 747 2360 deminuere;
765 2289 817 2349 sed
835 2306 897 2349 oum
908 2297 938 2347 et
953 2289 1099 2348 obnoxium

111 2392 144 2433 se
170 2372 301 2432 barbaris
328 2393 381 2453 per
407 2375 464 2433 hoc
490 2374 747 2451 animadverteret,
773 2391 869 2451 neque
896 2389 933 2431 eo
964 2373 1054 2432 setius
1076 2373 1099 2430 in

111 2455 293 2535 explicandis
310 2457 447 2517 oneribus
462 2458 611 2536 haereret,
634 2458 702 2517 nihil
725 2458 808 2537 pensi
821 2457 921 2516 habuit
939 2460 1008 2535 quin
1025 2473 1098 2536 prac-

110 2539 225 2600 daretur
240 2542 316 2599 omni
331 2541 427 2600 modo.
456 2540 537 2602 Bona
555 2543 684 2601 vivorum
703 2559 739 2601 ac
753 2549 930 2601 mortuorum
945 2557 1099 2619 usquequa·

112 2643 167 2704 quc
184 2623 315 2702 quolibet
331 2634 359 2684 et
375 2633 547 2684 accusatore
570 2634 598 2685 et
620 2627 738 2684 crimine
759 2624 1000 2703 corripiebantur.
1031 2623 1099 2683 Satis

111 2717 188 2784 erat,
206 2707 283 2767 obici
299 2709 509 2786 qualecumque
531 2709 636 2769 factum
658 2709 800 2769 dictumve
816 2708 957 2768 adversus
975 2710 1099 2767 maiesta·
1137 2724 1139 2733 ·

109 2802 166 2852 tem
189 2793 335 2872 principis.
381 2791 622 2852 Gonhscabantur
642 2793 835 2854 alienissimae
856 2790 1035 2851 hereditates
1058 2788 1123 2848 vela

110 2895 166 2936 uno
183 2878 343 2954 existente,
369 2879 416 2956 qni
434 2876 546 2937 diceret
567 2877 682 2938 audisse
707 2895 740 2936 se
760 2895 797 2935 ex
812 2876 965 2952 defuncto,
989 2893 1052 2935 oum
1066 2875 1100 2932 vi·

109 2971 210 3038 neret,
231 2960 369 3021 heredem
389 2961 443 3021 sibi
460 2960 614 3021 Caesarem
635 2979 711 3021 esse.
746 2961 865 3020 Praeter
881 2967 999 3019 ceteros
1013 2958 1100 3019 ludai-

110 3063 161 3104 cus
177 3047 264 3104 fiscus
280 3046 466 3106 acerbissime
484 3054 565 3105 actus
581 3053 640 3114 est:
660 3044 695 3104 ad
716 3062 800 3122 quem
815 3041 1035 3120 deferebantur,
1058 3040 1103 3120 qni

109 3129 157 3187 vel
175 3130 332 3206 inprofessi
347 3130 490 3190 Iudaicam
503 3130 635 3188 viverent
650 3131 753 3202 vitam,
776 3127 824 3187 vel
846 3126 1022 3187 dissimulata
1050 3125 1102 3186 ori·

108 3215 177 3288 gine
194 3213 328 3290 imposita
344 3215 425 3291 genti
440 3213 544 3274 tributa
560 3231 618 3272 non
632 3211 849 3292 pependissent.
876 3209 1048 3270 interfuisse
1060 3226 1127 3269 mess

107 3295 355 3356 adulescentulum
370 3299 499 3374 memini,
520 3316 583 3356 cum
606 3315 622 3357 a
644 3305 835 3375 procuratore
857 3294 1102 3373 frequentissimo·
1137 3334 1139 3355 2

109 3395 165 3455 quc
184 3380 304 3436 consiliu
325 3382 442 3434 'nantas‘
462 3390 500 3426 uu
532 3398 620 3434 ranas.
636 3382 744 3430 *narius
763 3397 870 3447 senex,
891 3396 926 3438 an
951 3379 1103 3437 circumse

109 3470 172 3520 ctus
187 3477 260 3517 ero-a·
1137 3466 1139 3517 !
