2256 3930
457 229 629 278 erasmus.
985 218 1044 278 115

10 384 17 438 i
44 403 121 464 pone
142 386 308 462 occipitium
333 386 529 445 summissiore
550 393 581 444 ut
605 385 748 444 cervicem
768 384 853 443 etiam
880 382 1045 461 obtegeret,

10 466 17 522 l
43 468 122 547 quod
140 469 249 545 gentile
268 471 296 527 in
314 469 365 529 illo
388 469 553 536 videbatur;
577 468 654 528 facie
673 468 806 544 honesta,
829 468 858 526 iu
877 484 933 545 qua
950 475 1047 526 tamen

10 567 16 603 t
43 553 140 611 crebri
163 561 191 611 et
214 551 298 612 subiti
324 561 469 629 tumores,
494 570 557 611 cum
579 550 808 630 praegrandibus
824 551 917 610 oculis
937 560 966 610 et
986 551 1045 630 qui,

10 633 15 689 i
41 635 122 714 qnod
143 638 242 695 mirum
265 645 355 713 esset,
379 645 466 696 noctu
490 638 574 695 etiam
597 644 626 694 et
642 634 814 695 intenebris
830 635 973 711 viderent,
993 634 1046 694 sed

10 726 30 774 it
42 720 79 779 ad
102 720 193 778 breve
216 728 244 778 et
267 738 330 779 cum
351 722 471 799 primum
492 739 509 780 a
532 736 634 778 somno
658 721 832 797 patuissent;
857 718 961 778 deinde
984 737 1045 778 rur·

40 822 104 863 sum
127 802 335 863 hebescebant.
367 803 527 863 incedebat
550 804 668 863 cervice
691 803 782 880 rigida
808 811 837 862 et
853 801 978 881 obstipa,
997 803 1045 862 ad·

39 888 129 947 ducto
158 887 222 946 iere
252 887 345 964 vultu,
373 888 545 966 plerumque
572 889 694 963 tacitus,
725 886 804 946 nullo
827 896 875 946 aut
898 887 1046 946 rarissimo

39 974 127 1031 etiam
161 989 224 1030 cum
253 972 391 1049 proximis
414 989 550 1031 sermone
578 987 674 1049 eoque
697 971 877 1047 tardissimo,
900 989 957 1030 uec
983 972 1046 1030 sine

38 1054 122 1115 molli
143 1053 264 1132 quadam
286 1053 441 1132 digitorum
460 1055 692 1132 gesticulatione.
723 1056 804 1130 Quae
823 1056 916 1114 omnia
934 1055 1046 1132 ingrata

10 1148 129 1217 eatque
149 1140 334 1215 arrogantiae
358 1139 444 1218 plena
468 1148 496 1198 et
518 1138 717 1199 animadvertit
736 1138 885 1216 Augustus
906 1140 934 1197 iu
958 1155 994 1197 eo
1018 1145 1047 1196 et

38 1239 184 1284 excusare
205 1223 354 1300 temptavit
377 1241 468 1302 saepe
491 1222 567 1302 apud
590 1231 719 1281 senatum
742 1240 776 1281 ac
797 1222 950 1302 populum,
978 1239 1045 1300 pro-

37 1308 138 1368 fessus
159 1313 279 1366 naturae
302 1306 370 1366 vitia
392 1324 476 1384 esse,
508 1324 566 1365 non
589 1307 682 1366 animi.
717 1306 882 1365 valitudine
906 1324 1044 1385 prosper·

37 1394 110 1451 rima
140 1407 209 1448 usus
239 1397 303 1467 est,
330 1399 464 1468 tempore
496 1389 610 1468 quidem
640 1390 821 1468 principatus
855 1408 949 1468 paene
983 1398 1044 1448 toto

38 1491 136 1553 prope
164 1473 289 1550 inlaesa,
320 1476 450 1552 quamvis
473 1493 489 1533 a
512 1475 660 1534 tricesimo
686 1475 789 1534 aetatis
810 1491 885 1534 anuo
908 1473 1046 1532 arbitratu

10 1577 104 1619 seam
128 1574 181 1617 suo
204 1558 315 1617 rexerit
337 1558 400 1617 sine
423 1557 587 1618 adiumento
608 1557 770 1617 consiliove
793 1558 980 1618 medicorum.

103 1640 187 1702 Circa
210 1641 283 1702 deos
305 1659 341 1703 ac
361 1641 522 1719 religiones
545 1641 759 1719 neglegentior,
783 1644 892 1721 quippe
915 1641 1044 1701 addictus
1053 1659 1087 1713 59

36 1725 258 1786 mathematicae
281 1725 443 1804 plenasque
467 1727 680 1804 persuasionis,
703 1736 805 1786 cuncta
827 1727 888 1785 lato
905 1727 964 1804 agi.
988 1725 1045 1785 To·

36 1811 131 1869 nitrua
163 1818 257 1869 tamen
291 1818 410 1888 praeter
436 1809 551 1870 modum
583 1809 801 1889 expavescebat
830 1819 858 1869 et
887 1809 1045 1869 turbatiore

38 1893 124 1952 caelo
143 1911 294 1971 numquam
315 1910 373 1954 uon
396 1910 533 1954 eoronam
552 1893 680 1953 lauream
698 1895 794 1972 capite
812 1895 949 1971 gestavit,
969 1892 1046 1971 quod

10 1977 159 2035 nlulmine
182 1976 274 2036 aillari
295 1986 419 2054 negetur
440 1977 468 2037 id
490 1996 584 2054 genus
607 1977 728 2036 frondis.

100 2059 189 2118 Artes
221 2060 359 2120 liberales
381 2062 529 2141 utriusque
556 2063 675 2139 generis
704 2061 915 2120 studiosissime
945 2059 1043 2119 coluit.
1053 2069 1088 2124 70

36 2144 72 2204 ln
100 2143 231 2202 oratione
252 2144 349 2205 latina
377 2155 494 2205 secutus
516 2155 561 2206 est
580 2144 735 2205 Coruinum
756 2145 927 2221 Messalam,
960 2161 1046 2222 quem

39 2244 142 2288 senem
164 2225 337 2288 adulescens
358 2228 539 2290 observarat.
571 2229 630 2289 Sed
651 2229 848 2290 adfectatione
871 2237 901 2287 et
922 2229 1044 2288 morosi·

38 2320 101 2371 tate
117 2310 201 2370 nimia
220 2310 394 2374 obscurabat
411 2313 517 2390 stilum,
539 2323 570 2375 ut
588 2313 734 2392 aliquanto
754 2332 791 2373 ex
809 2322 942 2392 tempore
961 2330 1045 2391 quam

10 2413 56 2487 pa
88 2412 156 2454 cura
183 2397 374 2494 praestantior
394 2396 560 2458 haberetur
591 2396 762 2476 Composuit
787 2405 817 2457 et
840 2415 954 2457 carmen
977 2397 1044 2472 lyri-

40 2497 121 2556 cum,
151 2480 231 2538 onius
254 2489 298 2540 est
319 2481 418 2541 titulus
443 2480 628 2580 Conquestio
649 2483 687 2542 de
707 2488 804 2544 morte
823 2479 858 2541 L
882 2479 1043 2542 Caesaris.

10 2563 123 2627 .Fecit
141 2571 170 2622 et
188 2561 298 2624 Graeca
320 2575 455 2645 poemata
478 2567 602 2627 imitatus
619 2566 837 2645 Euphorionem
859 2574 888 2624 et
903 2565 1045 2626 Rhianum

10 2670 14 2702 r
40 2656 69 2706 et
92 2646 290 2724 Parthenium,
313 2649 417 2728 quibus
441 2652 537 2728 poetis
559 2650 710 2711 admodum
733 2651 910 2725 delectatus,
935 2651 1044 2727 scripta

10 2731 165 2790 nomnium
194 2738 224 2790 et
243 2734 393 2811 imagines
422 2734 548 2812 publicis
571 2735 757 2794 bibliothecis
780 2735 854 2793 inter
875 2741 992 2792 veteres
1015 2739 1045 2790 et

10 2814 218 2895 &praecipuos
241 2826 377 2878 auctores
400 2817 553 2895 dedicavit,
577 2827 606 2878 et
629 2818 667 2878 ob
691 2819 746 2878 hoc
770 2818 904 2896 plerique
919 2815 1043 2874 erudito·

10 2901 21 2957 'r
38 2917 100 2958 rum
117 2901 248 2959 certatim
263 2900 299 2960 ad
322 2920 386 2962 enm
405 2903 492 2962 multa
511 2902 547 2962 de
563 2903 607 2962 his
624 2902 783 2962 ediderunt.
809 2902 932 2961 Maxime
948 2908 1044 2959 tamen

40 2982 153 3042 curavit
174 2985 302 3044 notitiam
325 2985 464 3046 historiae
486 2985 624 3046 fabularis
646 3004 738 3064 usque
762 2985 797 3045 ad
814 2983 938 3061 ineptias
958 2992 1044 3060 atque

10 3064 183 3134 rderisum;
206 3085 270 3127 nam
294 3077 322 3128 et
344 3071 566 3147 grammaticos,
591 3070 668 3148 quod
690 3087 784 3146 genus
800 3069 944 3128 hominum
959 3084 1043 3144 prae-

10 3169 19 3207 a
38 3152 138 3229 cipue,
160 3158 191 3208 ut
213 3149 344 3230 diximus,
367 3154 534 3232 appetebat,
556 3153 717 3213 eiusmodi
739 3153 803 3212 iere
828 3149 1044 3229 quaestiouibus

10 3213 263 3315 dexperiebatnr,
293 3254 373 3315 qaue
392 3245 493 3298 mater
514 3235 677 3312 Hecubae,
702 3236 786 3314 quod
805 3233 920 3296 Achilli
936 3250 1045 3293 nomen

13 3318 120 3380 tiator
139 3317 275 3396 virgines
297 3319 426 3397 suisset,
449 3320 524 3400 qaid
537 3319 663 3380 Sirenes
678 3325 807 3380 cantore
827 3318 890 3378 sint
910 3316 1044 3377 solitae?

31 3401 73 3462 Et
99 3420 157 3480 quo
181 3404 301 3479 primum
323 3403 369 3463 die
388 3413 456 3483 post
479 3422 630 3463 excessum
644 3403 768 3480 Augusti
792 3403 898 3462 curiam
919 3401 1043 3476 intravit,

31 3486 123 3567 quasi
160 3487 260 3564 pietati
298 3488 381 3548 simul
412 3505 448 3547 ac
482 3487 618 3564 religioni
651 3488 721 3547 satis
754 3487 897 3632 iactursup,
939 3485 1043 3545 Minois
