2256 3930
425 227 528 274 cruos
545 227 791 276 VESPASIANUS.
1043 216 1102 278 231

96 384 136 442 ita
155 383 363 461 pronuntiavit,
378 400 440 442 uon
455 390 599 459 oportere
612 381 758 442 rnolediot‘
771 381 988 460 senatoribus,
1005 403 1103 445 remo·

93 465 198 526 dedici
215 465 305 526 etoile
318 465 433 544 sosque
448 483 526 524 esse.

166 549 269 608 Litium
299 551 393 610 series
417 550 523 628 ubique
548 551 686 608 maiorem
713 553 740 608 in
764 551 878 610 modum
902 561 1125 630 excreverant}

90 635 284 693 manentibus
302 635 429 712 ¹antiquis
446 633 663 711 intercapedine
681 635 749 692 iuris
772 635 921 712 dictionis,
941 636 1102 696 accedenti·

90 717 156 778 bus
173 720 257 776 novis
273 735 310 776 ex
327 717 499 777 condicione
516 718 692 796 tumultuque
709 728 885 796 temporum;
911 729 988 779 sorte
1013 721 1103 797 elegit

90 821 157 881 per
178 819 252 879 quos
267 812 350 880 rapta
364 801 443 861 bello
464 803 699 878 restituerentur,
725 805 830 880 quique
852 803 955 863 iudicia
977 814 1102 863 centum·

91 886 218 961 viralia,
235 885 337 962 quibus
354 885 530 964 peragendis
545 886 595 944 vix
610 887 765 945 sullectura
784 887 961 963 litigatorum
986 887 1101 948 videba-

90 979 147 1030 tur
165 978 262 1044 aetas,
278 979 360 1029 extra
377 970 506 1029 ordinem
523 969 710 1030 diiudicarent
730 970 956 1049 redigerentque
979 971 1014 1031 ad
1036 972 1101 1031 bre-

94 1072 253 1112 vissimum
270 1071 425 1112 numerum.

167 1136 270 1196 Libido
287 1147 372 1215 atque
389 1139 500 1197 luxuria
523 1147 681 1196 coercente
703 1138 781 1196 nullo
804 1139 979 1207 invaluerat;
1001 1148 1126 1204 auctorl

98 1221 217 1281 senatui
239 1221 291 1279 luit
315 1220 506 1297 decernendi,
530 1231 560 1279 ut
583 1239 656 1300 quae
680 1241 712 1280 se
734 1222 828 1281 alieno
851 1240 938 1281 servo
954 1224 1102 1302 iunxisset,

101 1305 210 1366 ancilla
232 1304 401 1372 haberetur;
425 1323 499 1364 neve
523 1305 645 1364 filiorum
675 1306 843 1366 familiarum
869 1307 1102 1367 foeneratoribus

102 1388 243 1466 exigendi
260 1388 362 1447 crediti
376 1391 418 1447 ius
436 1407 567 1467 umquam
584 1399 677 1466 esset,
699 1391 756 1449 hoc
780 1400 824 1449 est
846 1409 881 1449 ne
905 1400 971 1468 post
991 1400 1102 1469 patrum

103 1473 220 1552 quidem
235 1482 366 1531 mortem.

86 1591 89 1602 ·
165 1555 281 1617 Ceteris
299 1557 326 1615 in
340 1555 426 1615 rebus
443 1559 534 1616 statim
550 1557 585 1616 ab
602 1559 681 1617 initio
695 1559 873 1635 principatus
887 1577 978 1636 usque
994 1559 1029 1618 ad
1043 1561 1101 1619 exi-

103 1651 162 1700 tum
180 1641 272 1700 civilis
288 1650 317 1699 et
334 1640 471 1717 clemens,
487 1642 715 1701 mediocritatem
731 1642 879 1720 pristinam
901 1661 995 1720 neque
1020 1643 1126 1702 dissi-l

102 1725 223 1784 mulavit
237 1743 369 1803 umquam
385 1743 419 1784 ao
435 1725 604 1804 frequenter
628 1728 713 1785 etiam
736 1744 806 1803 prae
829 1745 861 1785 se
883 1726 954 1784 tulit.
981 1727 1055 1801 Quin
1074 1736 1103 1785 et

105 1811 238 1868 conantis
255 1808 395 1886 quosdam
408 1811 549 1886 originem
561 1809 653 1869 Flavii
668 1810 787 1886 generis
799 1808 834 1868 ad
847 1810 1015 1869 conditores
1027 1812 1101 1870 Rea·

103 1896 181 1953 tinos
200 1894 391 1971 comitemque
406 1893 557 1970 Herculis,
578 1896 658 1952 ouius
673 1894 875 1952 monimentum
896 1902 974 1952 extat
991 1894 1102 1953 Salaria

86 1978 168 2053 ruia,
193 1977 306 2035 referre
328 1978 415 2035 irrisit
430 1977 515 2036 ultro.
553 1977 697 2055 Adeoque
715 1977 782 2035 nihil
799 1986 1030 2036 ornamentorum
1053 1995 1102 2035 en-

102 2063 249 2121 trinsecus
265 2060 369 2140 cupide
385 2062 534 2140 appetivit,
551 2071 581 2120 ut
597 2061 730 2139 triumphi
748 2061 793 2119 die
815 2061 951 2136 fatigatus
970 2060 1103 2119 tarditate

104 2154 134 2204 et
150 2144 247 2204 taedio
264 2162 389 2224 pompae
404 2162 462 2204 non
477 2146 642 2222 reticuerit,
664 2147 771 2205 merito
793 2161 827 2203 se
845 2144 955 2221 plecti,
981 2144 1033 2222 qai
1048 2144 1101 2203 tri·

103 2227 259 2307 emptam,
276 2229 368 2307 quusi
381 2235 435 2288 out
448 2228 580 2289 debitum
594 2228 766 2290 maioribus
785 2228 851 2287 eois
873 2235 927 2288 out
944 2234 1103 2306 speratum

104 2329 248 2412 umquam
264 2311 334 2388 eidi,
352 2320 414 2372 tom
431 2313 532 2392 inepte
546 2332 641 2373 senec
658 2312 862 2390 concupisset.
907 2312 952 2371 Ac
966 2331 1002 2370 ne
1015 2311 1101 2371 tribu·

86 2397 209 2456 aniciam
225 2396 340 2474 quidem
357 2399 560 2475 potestatem*
576 2399 665 2475 patris
686 2399 794 2475 patriae
810 2396 1076 2475 appellationem
1049 2397 1102 2455 msi

106 2497 174 2540 sero
190 2481 315 2558 recepit
350 2480 421 2540 Nam
445 2482 681 2540 consuetudinem
703 2479 849 2541 scrutandi
871 2481 1028 2579 salutantes
1044 2499 1101 2541 ma·

106 2572 191 2624 nente
209 2563 302 2622 adhuc
317 2563 396 2623 bello
413 2565 489 2624 civili
508 2567 653 2625 omiserat.

168 2647 335 2707 Amicorum
357 2648 532 2725 libertatem,
556 2649 765 2708 causidicorum
784 2651 892 2726 figuras
916 2667 950 2707 ac
975 2649 1124 2726 philoso-l

106 2733 227 2810 phorum
253 2734 458 2792 contumaciam
482 2733 627 2792 lenissime
661 2734 733 2792 tulit.
778 2733 913 2793 Licinium
941 2732 1102 2791 Mucianum

87 2824 194 2875 motae
213 2815 418 2894 impudicitiae,
437 2816 488 2875 sed
504 2819 670 2877 meritorum
688 2817 790 2876 inducia
805 2818 896 2876 minus
908 2818 950 2873 sui
964 2834 1101 2874 reveren·

105 2909 178 2975 tem,
196 2917 347 2977 numquam
365 2901 418 2958 nisi
442 2900 515 2960 clam
537 2911 566 2961 et
585 2902 725 2961 hactenus
746 2911 881 2960 retaxare
904 2901 1049 2976 sustinuit,
1073 2907 1103 2958 ut

105 2983 181 3063 apud
201 3002 378 3043 communem
399 2984 522 3063 aliquem
545 2986 664 3045 amioum
688 3003 813 3062 querens
845 2982 964 3042 adderet
990 2983 1101 3043 clausu·

104 3067 176 3127 lam:
205 3064 272 3146 Epo
290 3073 390 3128 tomen
401 3068 451 3127 ot‘r
463 3086 539 3127 eunt,
573 3070 700 3129 Salvium
711 3067 873 3127 Liberalem
889 3068 917 3123 in
932 3066 1101 3126 defensione

104 3151 202 3211 divitis
217 3153 260 3209 rei
275 3170 374 3211 ausum
388 3152 503 3212 dicere:
520 3153 595 3232 quid
607 3153 650 3212 od
662 3151 841 3226 Caesarem,
858 3149 887 3209 si
901 3147 1103 3228 Hipparchus

86 3236 280 3296 irestertt'om
296 3236 395 3296 milies
414 3235 527 3296 dubet?
548 3247 576 3296 et
598 3240 661 3316 ipse
683 3235 818 3294 laudavit.
847 3234 1023 3294 Demetrium
1047 3232 1101 3308 oy-

102 3320 200 3379 nioum
224 3320 251 3377 in
272 3321 375 3380 itinere
397 3320 511 3380 obvium
538 3321 593 3380 sibi
615 3329 682 3398 post
707 3319 934 3394 damnationem,
958 3337 992 3378 ac
1008 3336 1103 3398 neque

104 3421 262 3478 assurgere
284 3422 379 3482 neque
401 3404 526 3465 salutare
548 3423 580 3464 se
602 3405 780 3481 dignantem,
803 3402 994 3462 oblatrantem
1018 3405 1103 3463 etiam

103 3489 206 3547 nescio
227 3487 305 3566 quid,
326 3489 395 3548 satis
414 3488 511 3548 habuit
527 3507 650 3549 canem
667 3487 827 3567 appellare.
