2256 3930
407 224 512 272 mvus
531 223 714 272 cosumus.
999 215 1058 274 157

54 389 284 457 repraesentans
299 397 353 458 pro
371 397 462 458 opera
473 379 588 455 dignam
601 381 705 457 cuique
719 378 894 438 mercedem.
938 379 1060 440 Artiorc

55 472 154 524 autem
180 481 291 523 annona
317 462 355 523 ob
381 463 511 523 assiduas
539 462 723 540 sterilitates,
757 463 889 522 detentus
916 461 1060 540 quondam

55 547 154 606 medio
178 547 244 606 loro
266 565 282 607 a
307 546 390 607 turba
412 547 612 624 conviciisque
628 556 657 606 et
672 547 756 606 simul
772 545 961 624 fragminibus
976 548 1059 626 panis

56 633 96 690 ita
112 630 281 706 infestatus,
308 639 338 690 ut
352 648 443 708 aegre
458 648 515 690 nec
531 631 586 688 nisi
603 632 719 708 postico
734 630 860 690 evadere
877 631 906 688 in
919 630 1060 691 Palatium

25 739 41 778 c
57 714 199 792 valuerit,
214 714 284 774 nihil
302 732 360 773 non
381 714 562 791 excogitavit
577 714 613 774 ad
630 714 810 774 inuehendos
827 715 912 774 etiam
926 723 1059 794 tempore

56 798 181 858 hiberno
202 807 387 858 commeatus.
420 797 492 858 Nam
508 806 537 856 et
551 797 781 876 negotiatoribus
797 807 877 858 certa
894 798 976 859 lucra
991 816 1058 878 pro·

56 883 172 962 posuit,
198 891 336 960 suscepto
359 883 388 941 in
409 900 442 942 se
464 882 583 959 damno,
609 883 634 941 si
655 883 701 942 cui
717 881 784 961 quid
800 901 854 962 per
869 891 1059 962 tempestates

57 964 232 1043 accidisset,
254 975 284 1025 et
303 984 394 1026 naves
413 975 595 1026 mercaturae
617 983 703 1026 cansa
723 965 931 1026 fabricantibus
955 984 1059 1043 magna

59 1049 210 1110 commoda
225 1051 372 1110 constituit
386 1068 439 1129 pro
455 1049 621 1110 conditione
634 1052 787 1129 cuiusqne;
806 1052 862 1110 civi
877 1053 1102 1122 vacationem19

19 1153 45 1194 so
59 1134 137 1211 legis
149 1133 257 1212 Papiae
269 1134 442 1212 Poppaeae,
463 1133 564 1194 Latino
581 1135 625 1193 ius
637 1135 802 1210 Quiritium,
821 1135 935 1194 feminis
946 1137 990 1194 ius
1004 1132 1060 1194 1111

58 1218 231 1286 liberorum;
249 1236 323 1296 quae
343 1218 496 1278 constituta
511 1217 658 1297 hodieque
674 1228 834 1278 servantur.

121 1301 218 1380 Opera
233 1319 338 1380 magna
355 1304 509 1381 potiusque
525 1304 694 1362 necessaria
715 1320 800 1381 quam
819 1301 907 1362 multa
922 1301 1103 1381 perfecitao

57 1385 110 1445 sed
131 1385 178 1445 vel
200 1388 376 1465 praecipua:
395 1386 510 1446 ductum
525 1404 662 1464 aquarum
678 1405 694 1446 a
712 1385 782 1448 Gaio
797 1385 976 1464 inchoatum,
991 1387 1060 1446 item

57 1470 236 1529 emissarium
257 1469 358 1530 Fucini
382 1470 463 1530 lacus
485 1479 658 1550 portumque
682 1469 862 1548 Ostiensem,
890 1487 1060 1550 quamquam

19 1571 46 1612 rs
58 1556 149 1614 sciret
164 1572 202 1613 ex
216 1555 252 1613 iis
268 1553 387 1613 alterum
409 1554 446 1613 ab
463 1554 598 1631 Augusto
620 1554 807 1633 precantibus
823 1554 940 1615 assidue
954 1553 1059 1615 Marsis

57 1647 208 1715 negatum,
228 1638 349 1698 alterum
364 1656 380 1698 a
394 1637 470 1698 Divo
484 1638 558 1698 lulio
574 1639 691 1716 saepius
707 1639 878 1698 destinatum
892 1657 926 1699 ac
938 1648 1060 1718 propter

56 1722 256 1782 difficultatem
265 1723 410 1781 omissum.
425 1721 562 1783 Claudiae
574 1722 790 1800 aquaegelidos
800 1732 829 1782 et
837 1723 944 1782 uberes
952 1723 1059 1800 fontes,

57 1822 178 1884 quorum
199 1805 283 1866 alteri
308 1804 470 1883 Caeruleo,
493 1806 576 1865 alteri
599 1803 698 1866 Curtio
720 1816 749 1866 et
766 1806 934 1883 Albudigno
955 1824 1061 1866 nomen

59 1898 120 1965 est,
149 1890 291 1968 simulque
313 1891 405 1949 rivum
419 1889 540 1949 Anienis
562 1892 631 1950 novi
652 1890 770 1969 lapideo
791 1908 884 1969 opere
909 1891 939 1948 in
960 1889 1061 1950 urbem

20 1971 211 2052 superduxit,
230 1973 384 2052 divisitque
400 1975 428 2032 in
447 1974 587 2052 plurimos
603 1983 632 2032 et
649 1976 847 2034 ornatissimos
862 1973 953 2033 lacus.
975 1972 1059 2032 Fuci·

58 2074 124 2116 num
144 2057 302 2134 adgressus
317 2066 378 2134 est,
400 2074 458 2116 non
475 2060 567 2116 miuus
583 2057 746 2136 compendii
763 2076 817 2136 spe
835 2074 919 2135 quam
933 2055 1060 2133 gloriae,

59 2158 124 2200 cum
146 2140 259 2221 qnidam
274 2142 388 2220 privato
403 2151 516 2221 sumptu
535 2142 692 2200 emissuros
708 2160 740 2200 se
756 2143 1006 2218 repromitterent,
1036 2141 1061 2200 si

59 2224 115 2284 sibi
130 2227 231 2285 siccati
246 2226 310 2302 agri
326 2225 566 2286 concederentur.
589 2225 646 2284 Per
659 2227 714 2284 tria
729 2234 823 2284 autem
835 2242 970 2304 passuum
983 2223 1061 2286 milia

58 2310 162 2387 partim
178 2309 297 2370 eciosso
313 2318 412 2370 monte
426 2311 530 2389 partim
548 2311 667 2384 exciso,
684 2308 814 2369 canalem
828 2308 955 2368 absolvit
969 2326 1060 2387 aegre

23 2401 90 2452 aret
110 2401 178 2470 post
197 2393 330 2453 undecim
355 2411 462 2471 annos,
493 2395 623 2472 quamvis
649 2393 791 2452 continuis
812 2391 897 2453 XXX
915 2392 1061 2453 hominum

57 2475 173 2536 milibus
195 2478 257 2536 sine
280 2479 495 2538 intermissione
521 2476 719 2556 operantibus.
748 2477 866 2537 Portum
890 2475 989 2537 Ostiae
1011 2473 1060 2537 ex'·

57 2562 162 2636 truxit,
181 2560 377 2621 circumducto
390 2562 493 2622 dextra
508 2563 682 2639 sinistraque
694 2560 814 2621 brachio
826 2571 855 2621 et
867 2560 903 2621 ad
914 2563 1061 2622 introitum

58 2643 206 2724 profundo
219 2647 274 2705 iam
288 2644 350 2705 salo
366 2645 443 2706 mole
456 2645 587 2714 obiecta;
604 2664 688 2723 quam
703 2663 761 2724 quo
774 2645 905 2705 stabilius
912 2645 1059 2722 fundaret,

59 2746 165 2788 navem
193 2738 258 2788 ante
285 2728 437 2806 demersit,
467 2747 522 2808 qua
547 2747 668 2807 magnus
694 2729 843 2789 obeliscus
863 2747 900 2787 ex
920 2728 1060 2807 Aegypto

21 2815 46 2858 ³0
60 2813 156 2871 iuerat
175 2812 330 2889 advectus,
360 2814 568 2891 congestisque
592 2813 660 2891 pilis
684 2814 873 2893 superposuit
895 2812 1061 2872 altissimam

55 2906 166 2956 turrem
178 2898 206 2955 in
219 2896 384 2974 exemplum
393 2897 582 2956 Alexandrini
596 2897 699 2975 Phari,
715 2907 745 2957 ut
756 2897 792 2957 ad
803 2905 963 2956 nocturnos
976 2896 1060 2972 ignes

57 2998 175 3039 cursum
192 2981 308 3056 navigia
324 2979 492 3057 dirigerent.

121 3061 276 3141 Congiaria
295 3063 405 3142 populo
429 3065 546 3143 saepius
565 3064 717 3123 distribuit.
751 3062 926 3141 Spectacula
945 3076 1099 3142 quoquam

56 3147 211 3226 complura
232 3157 262 3206 et
284 3148 439 3224 magnifica
462 3148 566 3226 edidit,
591 3165 649 3207 non
676 3149 779 3207 usitata
801 3145 888 3205 modo
907 3164 943 3206 ac
967 3145 1061 3208 solitis

10 3233 151 3307 celocis,
176 3231 228 3291 sed
245 3240 273 3290 et
289 3234 483 3293 commentitia
505 3241 587 3292 etex
609 3233 776 3309 antiquitate
797 3233 935 3308 repetita,
960 3239 988 3290 et
1012 3231 1061 3291 ubi

54 3327 213 3396 praeterea
240 3332 325 3375 nemo
352 3325 418 3376 ante
435 3336 509 3376 eum.
550 3315 646 3375 Ludos
672 3315 863 3375 dedicationis
892 3314 1062 3394 Pompeiani

55 3399 172 3476 theatri,
185 3400 262 3476 quod
274 3399 433 3460 ambustum
444 3401 621 3476 restituerat,
634 3398 796 3458 etribunali
808 3401 905 3477 posito
915 3401 943 3458 in
956 3399 1059 3460 orche-

56 3492 117 3543 stra
132 3484 290 3561 commisit,
311 3501 374 3543 cum
385 3487 464 3564 prius
476 3484 552 3564 apud
564 3485 732 3563 superiores
748 3482 838 3544 aedes
851 3483 1057 3564 supplicasset,
