2256 3930
467 217 571 266 nuno.
961 207 1020 268 179

12 372 138 448 saepius
155 369 276 430 canendi
292 371 410 430 occasio
428 379 517 431 esset.
564 370 647 445 Quod
663 390 726 431 cum
741 372 851 432 tardum
863 373 1020 451 videretur,

10 473 77 514 nou
101 455 227 513 cessavit
252 453 407 513 identidem
432 472 465 513 se
492 453 651 533 publicare.
700 455 847 515 Dubitavit
876 458 959 516 etiam
985 474 1021 517 au

11 540 141 618 privatis
156 537 331 615 spectaculis
344 540 544 616 operamiuter
551 540 686 598 scenicos
698 540 790 615 daret,
806 539 927 617 quodam
935 557 1019 618 prae·

10 633 113 683 torum
128 621 291 680 sestertium
307 621 405 680 decies
422 623 572 681 offerente.
617 621 797 699 Tragoedias
817 640 932 701 quoque
953 641 1019 683 cau·

11 707 92 767 tavit
110 714 293 784 personatus,
311 704 431 764 heroum
450 705 626 784 deorumque
642 708 710 766 item
726 706 874 766 heroidum
898 725 932 767 ac
954 706 1019 767 dea·

10 808 81 850 rum
107 790 241 868 personis
262 789 376 848 effectis
396 788 431 848 ad
453 789 662 848 similitudinem
684 794 742 851 oris
765 793 807 849 sui
831 800 860 849 et
884 791 1018 867 lemiuae,

10 883 108 954 prout
122 890 262 951 quamque
278 871 423 948 diligeret.
453 872 532 931 luter
547 882 646 933 cetera
664 876 789 935 cantavit
804 873 939 933 Canacen
955 891 1019 951 par·

10 958 183 1032 turientem,
203 957 327 1016 Oresten
343 956 532 1031 matricidam,
546 956 726 1035 Oedipodem
738 966 935 1033 excaecatum,
948 956 1019 1016 ller-

10 1042 115 1101 culem
132 1042 267 1099 insanum.
311 1039 343 1098 ln
360 1058 414 1117 qua
430 1039 526 1099 fabula
541 1040 614 1100 fama
633 1050 688 1117 est,
712 1042 882 1101 tirunculum
903 1041 1020 1100 militem

10 1126 145 1206 positum
161 1123 196 1183 ad
211 1123 368 1182 custodiam
385 1123 487 1199 aditus,
505 1142 568 1183 cum
581 1143 645 1183 eum
662 1127 757 1185 ornari
774 1143 808 1185 ac
825 1126 925 1184 vinciri
943 1132 1019 1184 cate·

10 1210 74 1283 nis,
89 1209 163 1266 sicut
175 1217 370 1284 argumentum
382 1207 557 1285 postulabat,
569 1208 693 1285 videret,
707 1211 869 1270 accurrisse
882 1207 1020 1268 ferendae

10 1293 86 1372 opis
103 1293 205 1368 gratia.

79 1376 226 1453 Equorum
240 1373 333 1434 studio
349 1375 396 1434 vel
412 1377 569 1455 praecipue
585 1376 620 1436 ab
635 1378 750 1435 ineunte
768 1385 860 1436 aetate
873 1375 1062 1451 bagranum

10 1461 216 1540 plurimusque
232 1458 273 1517 illi
289 1476 393 1535 sermo,
416 1477 585 1539 quamquam
605 1469 762 1536 vetaretur,
784 1459 819 1519 de
842 1458 1020 1519 circensibus

11 1552 99 1612 erat3
117 1551 145 1600 et
162 1541 304 1619 quondam
325 1551 444 1602 tractum
466 1546 610 1622 prasinum
633 1545 804 1622 agitatorem
825 1546 901 1603 inter
922 1541 1019 1602 condi·

10 1626 150 1704 scipulos
169 1644 309 1704 querens,
328 1626 499 1703 obiurgante
522 1629 712 1707 paedagogo,
729 1627 765 1687 de
779 1627 906 1688 Hectore
923 1645 955 1686 se
976 1627 1019 1686 lo·

10 1712 69 1791 qui
91 1712 240 1769 ementitus
264 1719 317 1769 est.
363 1711 422 1770 Sed
450 1729 513 1770 cum
539 1714 614 1772 iuter
639 1714 717 1772 initia
744 1713 857 1791 imperii
884 1711 1020 1770 eburneis

10 1793 168 1874 quadrigis
188 1793 293 1853 cotidie
309 1795 337 1852 in
354 1794 446 1855 abaco
462 1796 588 1873 luderet,
612 1796 647 1856 ad
673 1798 765 1856 omnis
787 1798 873 1855 etiam
888 1796 1020 1853 minimos

10 1880 324 1938 circensesesecessu
337 1879 525 1956 commeabat,
537 1882 628 1958 primo
641 1879 724 1958 clam,
737 1879 841 1939 deiude
854 1878 1019 1956 propalam;

10 1971 52 2049 put
68 1962 172 2020 nemini
184 1960 298 2020 dubium
314 1973 402 2039 esset,
421 1981 456 2023 eo
473 1963 519 2022 die
537 1966 634 2041 utique
649 1963 807 2023 adiuturum.
845 1961 948 2039 Neque
964 1960 1020 2019 dis·

10 2043 172 2119 [simulabat
186 2045 263 2104 velle
280 2064 313 2104 se
328 2047 484 2124 palmarum
499 2065 644 2106 numerum
665 2047 817 2124 ampliare;
843 2063 932 2123 quare
953 2061 1020 2121 spe-

10 2128 162 2212 piaculum
174 2129 371 2206 multiplicatis
381 2131 514 2190 missibus
526 2132 554 2189 in
566 2149 661 2189 serum
673 2129 904 2208 protrahebatur,
920 2145 957 2187 ne
969 2126 1021 2186 do-

10 2213 102 2276 minis
124 2211 238 2290 quidem
260 2215 315 2272 iam
337 2214 492 2274 lactionum
515 2213 696 2290 dignantibus
716 2214 771 2273 uisi
794 2213 829 2273 ad
853 2214 941 2277 totius
964 2209 1021 2270 diei

10 2273 135 2363 ΕΦιιτειιτη
152 2313 263 2373 greges
287 2295 405 2357 ducere.
448 2298 517 2358 nox
539 2307 568 2357 et
588 2300 653 2376 ipse
675 2299 808 2375 aurigare
827 2305 913 2376 atque
935 2297 1022 2355 etiam

10 2358 150 2477 §pectam
166 2380 281 2458 saepius
298 2381 399 2457 voluit,
422 2383 577 2460 positoque
599 2384 626 2440 in
645 2381 737 2441 hortis
757 2382 832 2440 iuter
851 2381 969 2441 servitia
992 2387 1022 2438 et

10 2464 168 2605 {amidam
184 2463 300 2542 plebem
315 2465 485 2542 rudimento,
502 2467 703 2526 universorum
722 2483 755 2526 se
777 2465 870 2525 oculis
890 2466 918 2524 iu
939 2465 1020 2523 circo

50 2549 145 2609 animo
161 2548 302 2626 praebuit,
320 2550 416 2629 aliquo
433 2550 539 2610 liberto
555 2551 684 2610 mittente
698 2567 832 2629 mappam
844 2549 919 2608 unde
930 2549 1019 2624 magi·

10 2610 127 2694 btratus
156 2631 262 2692 solent.
304 2632 369 2693 Nec
396 2643 548 2695 contentus
576 2633 675 2693 barum
697 2636 797 2695 artium
822 2634 1021 2713 experimenta

10 2723 12 2730 ’
46 2732 133 2776 omae
156 2715 287 2793 dedisse,
309 2716 465 2795 Achaiam,
489 2727 518 2777 ut
544 2719 680 2795 diximus,
706 2719 793 2796 petit,
815 2717 882 2776 hinc
899 2716 1021 2774 maxime

46 2810 132 2860 otus:
161 2801 342 2860 instituerant
366 2803 514 2879 civitates,
538 2803 613 2880 apud
630 2821 700 2880 quas
719 2803 820 2860 musici
842 2817 953 2877 agones
975 2796 1021 2855 edi

52 2883 128 2960 lent,
148 2901 247 2942 omnes
262 2884 494 2946 citharoedorum
513 2902 637 2946 coronas
654 2885 689 2945 ad
704 2886 797 2963 ipsum
812 2885 934 2942 mittere.
962 2879 1022 2939 Eas

10 2940 95 3028 ideo
112 2976 196 3044 grate
211 2967 384 3046 recipiebat,
399 2978 429 3028 ut
442 2970 568 3045 legatos,
583 2970 631 3046 qui
646 2969 844 3046 pertulissent,
862 2982 919 3024 non
934 2961 1021 3023 modo

10 3027 132 3120 brimus
149 3050 320 3126 admitteret,
341 3052 393 3112 sed
409 3054 494 3112 etiam
509 3052 695 3112 familiaribus
707 3051 801 3130 epulis
811 3051 1021 3126 interponeret.

10 3124 36 3191 l
60 3134 233 3216 quibusdam
249 3153 286 3194 ex
300 3135 344 3194 bis
360 3145 480 3212 rogatus
500 3145 532 3194 ut
553 3144 681 3196 cantaret
704 3153 792 3212 super
815 3149 949 3207 caenam,
972 3147 1021 3189 ex·

10 3224 186 3301 peptusque
206 3219 334 3295 effusius,
350 3219 529 3280 colosaeire
541 3218 652 3279 audire
666 3218 814 3293 Graecos,
834 3215 1024 3293 aolosqoese

10 3305 41 3358 rt
60 3301 179 3364 studiis
195 3303 261 3361 auis
276 3302 386 3382 dignos
397 3305 444 3363 ait.
473 3301 537 3361 Nec
549 3302 733 3380 proiectione
745 3301 843 3376 dilata,
858 3308 889 3358 ut
903 3300 1023 3379 primum

10 3373 189 3463 Jasstopen
205 3387 330 3462 traiecit,
347 3388 442 3447 statim
458 3385 492 3446 ad
515 3403 593 3446 aram
612 3386 690 3446 lovis
707 3384 784 3446 Casii
798 3393 914 3444 cantare
927 3383 1021 3461 auspi·

10 3477 115 3549 latius,
136 3472 291 3530 certamina
309 3470 449 3551 deinceps
464 3469 535 3530 obiit
551 3471 653 3530 omnia.
697 3469 767 3528 Nam
785 3478 814 3528 et
835 3486 908 3546 quae
928 3466 1066 3528 diver-23

793 3551 862 3611 12*

10 3644 21 3685 a
