2256 3930
74 298 116 360 48
161 310 190 357 c.
204 308 355 358 sunnoru
366 306 495 366 nanno.
514 306 563 353 nn
575 302 857 355 muhamedanos
871 302 942 353 nm.
953 302 992 353 11.

76 465 213 544 emptioni
227 463 399 543 publicanos
424 460 557 538 videbat,
580 458 686 519 liberto
701 477 754 520 suo
769 456 894 535 addixit,
915 466 947 519 ut
961 458 1076 536 relega·

76 560 133 610 tum
154 551 182 608 iu
204 565 292 624 agros
312 563 367 625 pro
390 545 484 617 libero
507 562 574 604 esse
596 544 713 603 sineret
755 542 906 603 Decimam
932 541 1078 620 legionem

77 634 272 694 contumacius
299 638 451 709 parentem
472 646 536 688 cum
564 628 721 705 ignominia
748 636 838 687 totam
858 625 979 704 dimisit,
1011 628 1077 686 item

77 718 147 778 alias
170 715 340 775 immodeste
360 715 526 773 missionem
546 710 728 791 postulantes
745 712 817 771 citra
834 709 987 771 commoda
1002 728 1077 771 eme-

74 804 194 861 ritorum
210 800 402 878 praemiorum
419 796 629 856 exauctoravit.
660 793 822 871 Cohortes,
842 796 869 855 si
883 812 960 874 quae
975 797 1098 857 cessis-c
1115 841 1123 880 Ι

76 893 141 945 sent
156 883 238 959 loco,
258 882 416 942 decimatas
430 879 541 940 hordeo
557 880 648 959 pavit.
679 877 873 939 Centuriones
889 880 1016 939 statione
1032 877 1078 939 de-

76 977 170 1044 serta,
187 966 284 1026 itidem
298 975 328 1025 ut
342 964 554 1043 manipulares,
578 962 696 1042 capitali
710 961 964 1023 animadversione
979 965 1077 1045 ppniit,

75 1070 129 1133 pro
155 1060 256 1111 cetero
282 1049 454 1111 delictorum
478 1065 590 1125 genere
611 1047 699 1107 variis
720 1047 875 1125 ignominis
899 1046 1025 1125 adfecit,
1052 1055 1077 1106 nt
1110 1096 1113 1104 .

76 1146 156 1197 stare
176 1153 230 1214 per
245 1144 334 1194 totum
350 1133 426 1193 diem
447 1131 561 1192 iuberet
576 1140 642 1191 ante
665 1133 860 1210 praetorium,
880 1130 1026 1192 interdum
1039 1139 1075 1191 tu·
1109 1111 1113 1189 l

75 1222 188 1279 nicatos
216 1218 448 1295 discinctosque,
475 1233 684 1294 nonnumquam
714 1233 778 1275 cum
798 1213 1008 1294 decempedis,
1032 1213 1089 1275 veli
1106 1228 1123 1303 q,

34 1306 161 1366 boetiam
182 1303 323 1381 cespitem
346 1309 506 1379 portantes.
545 1298 648 1378 Neque
670 1308 738 1378 post
760 1298 840 1360 bella
863 1299 962 1360 civilia
984 1299 1075 1360 autin
1109 1322 1112 1337 ·

77 1389 212 1447 contione
235 1393 283 1445 aut
301 1403 355 1462 per
371 1383 499 1459 edictum
512 1382 587 1443 ullos
603 1382 723 1443 militnm
746 1383 958 1444 commilitones
979 1381 1075 1463 appel·

76 1471 169 1546 labat,
186 1468 238 1528 sed
253 1467 368 1543 milites,
385 1485 419 1527 ac
437 1485 473 1527 ne
489 1486 505 1528 a
521 1467 587 1526 liliis
602 1466 717 1546 quidem
733 1476 781 1528 aut
795 1469 941 1546 privignis
956 1469 1017 1528 suis
1032 1469 1074 1527 im·

77 1555 160 1632 perio
175 1551 313 1630 praeditis
330 1551 414 1611 aliter
430 1550 573 1629 appellari
589 1569 693 1629 passus
708 1560 764 1629 est,
781 1551 961 1612 ambitiosius
976 1551 1008 1612 id
1023 1551 1075 1611 exi·

77 1638 209 1711 stimans,
229 1653 311 1713 quam
327 1644 375 1695 aut
389 1637 462 1695 ratio
477 1634 608 1695 militaris
626 1645 674 1696 aut
688 1644 850 1714 temporum
866 1637 950 1715 quies
965 1645 1016 1696 aut
1032 1651 1076 1696 sua
1113 1678 1123 1720 „

43 1763 49 1783 -.
77 1720 235 1798 domusque
256 1738 324 1779 suae
345 1721 483 1779 maiestas
498 1719 669 1798 postularet.
703 1719 851 1780 Libertino
869 1719 978 1798 milite,
997 1737 1074 1799 prae

78 1814 206 1882 terquam
219 1804 329 1864 Romae
345 1803 541 1863 incendiorum
557 1822 644 1863 causa
660 1805 728 1863 etsi
745 1803 879 1864 tumultus
894 1805 924 1864 in
939 1804 1075 1881 graviore

77 1905 189 1947 annona
203 1896 395 1965 metueretur,
420 1886 464 1946 bis
479 1907 547 1946 usus
564 1896 624 1948 est:
649 1887 740 1947 semel
756 1887 793 1948 ad
807 1887 985 1966 praesidium
1000 1886 1074 1947 colo

76 1973 185 2031 uiarum
212 1970 358 2045 Illyricum
387 1973 628 2048 contingentium,
658 1973 762 2030 iterum
790 1970 826 2031 ad
856 1970 975 2032 tutelam
998 1973 1075 2050 ripae

76 2056 170 2117 Rheni
188 2056 324 2123 lluminis;
341 2072 469 2134 eosque,
485 2073 588 2115 servos
604 2054 696 2114 adhuc
711 2057 782 2115 viris
797 2055 973 2133 feminisque
989 2073 1072 2134 pecu-

76 2139 251 2199 niosioribus
274 2138 398 2199 indictos
420 2157 454 2199 ac
477 2142 539 2199 sine
562 2156 641 2199 mora
671 2141 874 2215 manumissos,
905 2137 1076 2219 subpriore

77 2224 185 2283 vexillo
203 2223 310 2300 hahuit,
327 2242 422 2303 neque
439 2232 485 2283 aut
502 2225 672 2283 commixtos
685 2240 748 2283 cum
764 2222 898 2300 ingenuis
915 2230 962 2282 aut
976 2221 1076 2282 eodem

76 2309 160 2367 modo
183 2316 316 2367 armatos.

139 2391 222 2450 Dona
248 2391 395 2467 militaria,
424 2391 569 2468 aliquanto
596 2390 710 2451 facilius
733 2390 869 2471 phaleras
897 2397 927 2450 et
946 2397 1076 2469 torques,
1114 2458 1116 2467 Ι

77 2475 212 2554 quicquid
230 2491 299 2534 auro
317 2483 497 2552 argentoque
514 2483 674 2552 constaret,
691 2493 775 2554 quam
790 2473 918 2534 vallares
932 2491 968 2534 ac
986 2491 1075 2533 mura·

76 2559 122 2617 les
145 2574 283 2631 coronas,
306 2575 379 2634 quae
401 2557 511 2616 honore
533 2558 763 2636 praecellerent,
793 2557 895 2628 dabat;
917 2556 970 2618 has
996 2575 1077 2637 quam

76 2641 247 2718 parcissime
264 2649 293 2697 et
311 2642 372 2699 sine
391 2640 544 2700 ambitione
563 2660 596 2701 ac
612 2661 702 2721 saepe
719 2645 804 2703 etiam
819 2641 952 2719 caligatis
967 2640 1076 2701 tribuit.

74 2723 114 2785 Μ.
130 2721 294 2800 Agrippam
308 2725 337 2782 in
353 2723 452 2783 Sicilia
467 2732 535 2801 post
555 2726 687 2786 navalem
702 2726 853 2787 victoriam
869 2723 1009 2785 caerulco
1028 2743 1077 2784 ve

74 2807 147 2868 xillo
162 2806 288 2867 donavit.
319 2807 407 2866 Solos
423 2808 622 2886 triumphales,
642 2828 810 2889 quamquam
826 2818 856 2870 et
871 2809 970 2869 socios
988 2826 1077 2887 expe·

76 2892 213 2951 ditionum
236 2900 264 2949 et
287 2893 446 2969 participes
468 2893 652 2953 victoriarum
674 2913 803 2972 suarum,
823 2909 975 2972 numquam
992 2891 1076 2952 donis

75 2974 283 3053 impertiendos
306 2978 431 3054 putavit,
455 2975 532 3054 quod
552 2978 608 3055 ipsi
634 2995 749 3057 quoquc
769 2979 813 3038 ius
833 2977 1003 3038 habuissent
1026 2977 1076 3036 tri·
1108 3037 1113 3061 1

74 3059 180 3118 buendi
203 3077 238 3118 ea
263 3059 365 3138 quibus
385 3060 504 3118 vellent.
541 3060 618 3120 Nihil
634 3071 728 3122 autem
744 3064 835 3122 minus
854 3060 990 3140 perlecto
1010 3059 1077 3120 drrci
1107 3086 1116 3115 =.

76 3162 158 3221 quam
178 3144 391 3202 festinationem
414 3147 662 3223 temeritatemque
689 3148 845 3206 convenire
870 3143 1076 3204 arbitrabatur.
1105 3110 1112 3287 q

77 3226 189 3286 Crebro
208 3230 304 3305 itaque
326 3228 375 3286 illa
389 3226 528 3287 iactabat:
549 3225 684 3288 Σπεῦὃε
708 3225 873 3308 βραδέωςέ
908 3217 1078 3307 'liupoldo
1115 3254 1119 3273 ι

75 3303 137 3388 γάρ
155 3301 222 3370 ἐστ’
240 3310 387 3390 αμείνων
401 3298 422 3390 ἢ
437 3301 568 3391 θρασὺς
584 3308 817 3392 στρατηλάτης.
847 3312 900 3389 Et,
921 3310 983 3371 Sat
997 3313 1076 3372 celc-

74 3393 152 3452 riter
175 3395 245 3469 fieri
266 3395 416 3476 quidquid
434 3396 491 3472 fiat
510 3396 590 3455 sutis
613 3396 696 3456 bene.
727 3397 871 3458 Proelium
893 3395 1009 3474 quidem
1032 3405 1079 3456 aut
1121 3398 1123 3402 ’

76 3475 183 3534 bellum
205 3479 417 3556 suscipiendum
442 3481 555 3538 omuino
575 3480 717 3558 negabat,
738 3483 791 3540 nisi
808 3499 871 3540 cum
885 3479 978 3539 maior
999 3498 1077 3540 emo-

75 3557 193 3618 lumenti
214 3580 282 3639 spes
304 3581 387 3640 quam
405 3564 496 3622 damni
515 3573 607 3623 metus
623 3565 836 3625 ostenderetur.
867 3563 940 3624 Nam
961 3565 1078 3624 minima
1103 3528 1117 3600 l
