2286 3944
495 240 668 290 canan.
1028 229 1087 294 201

98 415 153 478 gur
165 393 341 476 procuranti,
353 411 416 454 cum
428 402 495 455 enta
506 395 543 454 de
553 394 683 455 manibus
695 395 791 474 aquila
801 397 945 475 rapuisset
957 404 986 455 et
997 398 1025 454 in
1032 397 1089 456 iru-

98 481 222 561 giferam
240 495 377 557 quercum
397 479 581 555 contulisset,
602 496 774 557 responsum
797 490 857 556 est,
881 498 1017 539 summum
1038 479 1091 540 sed

98 562 357 640 serum-imperium
373 561 506 640 portendi
523 561 665 632 familiae;
687 572 716 621 et
732 563 783 622 ille
796 563 918 623 irridens
929 562 1030 639 Some,
1049 565 1089 622 in·

98 649 170 728 quit,
183 645 346 708 mereto
352 646 519 724 pepererit.
557 646 635 706 Nihil
655 663 747 723 aeque
764 656 867 724 postea
880 647 998 708 Galbam
1021 655 1089 706 tem·

98 739 228 812 ptentem
241 746 291 789 res
305 746 396 789 novas
409 731 587 789 conllrmavit
598 748 682 808 quam
693 729 788 790 mulae
800 740 909 808 partus,
926 731 1073 808 ceterisqu

98 824 129 876 ut
140 814 300 876 obscenum
313 821 456 873 ostentum
469 813 701 890 abhorrentibus,
716 813 797 873 solus
807 831 860 892 pro
873 815 1032 874 laetissimo
1045 829 1080 874 uc

99 899 300 978 cepitmomor
311 898 448 957 sacrificii
460 897 585 975 dictique
597 900 653 956 avi.

167 981 287 1060 Sumpta
298 979 373 1039 virili
384 989 464 1058 toga,
477 982 628 1042 somniavit
639 981 794 1041 Fortunam
806 980 958 1058 dicentem,
971 988 1049 1039 stare
1059 997 1092 1040 sa

98 1065 259 1128 amatores
270 1063 424 1142 defessam,
441 1073 470 1124 et
481 1066 534 1124 nisi
546 1067 627 1124 ocius
638 1067 835 1143 reciperetur,
854 1066 1023 1143 cuicumque
1042 1063 1092 1122 ob

101 1151 151 1212 vio
162 1147 290 1228 praedae
303 1147 433 1209 futuram.
467 1149 563 1226 thue
579 1149 746 1226 evigilavit,
765 1156 866 1227 aperto
888 1149 960 1208 atrio
980 1147 1092 1208 simula-

101 1251 182 1296 crum
199 1249 321 1292 aeneum
337 1232 411 1293 deae
429 1232 545 1292 cubitali
560 1233 650 1291 maius
667 1233 745 1293 iuxta
763 1233 850 1292 limen
867 1233 990 1308 invenit,
1008 1231 1093 1310 idque

99 1317 215 1396 gremio
231 1332 283 1375 suo
297 1315 468 1393 Tusculum,
487 1315 535 1374 ubi
558 1317 701 1387 aestivare
722 1324 889 1393 consuerat,
908 1317 1005 1376 avexit
1023 1315 1094 1374 etin

100 1410 187 1482 parte
205 1399 317 1460 aedium
338 1408 536 1460 consecratum
554 1401 708 1459 menstruis
727 1399 865 1478 deinceps
878 1399 1093 1478 supplicationi·

100 1485 156 1546 bus
171 1491 201 1543 et
211 1482 369 1562 pervigilio
384 1483 583 1544 anniversario
597 1483 694 1543 coluit.

161 1567 340 1644 Quamquam
351 1576 445 1626 autem
459 1566 583 1626 nondum
594 1574 689 1627 aetate
703 1569 860 1644 constanti,
878 1575 1008 1626 veterem
1024 1566 1093 1625 civi·

101 1653 170 1713 tatis
188 1649 392 1727 exoletumque
411 1668 520 1710 morem
537 1669 571 1710 ac
589 1660 694 1710 tantum
713 1653 742 1709 in
761 1651 845 1710 domo
865 1669 915 1709 sua
928 1650 1093 1710 haerentem

102 1733 329 1796 obstinatissime
339 1735 470 1810 retinuit,
483 1743 513 1792 ut
530 1733 624 1793 liberti
641 1735 778 1812 servique
798 1735 842 1793 bis
862 1734 907 1793 die
925 1734 1095 1811 frequentes

102 1818 242 1880 adessent
254 1834 288 1876 ac
299 1834 381 1876 mane
393 1817 519 1894 salvere,
529 1819 648 1896 vesperi
659 1817 758 1878 valere
770 1819 824 1877 sibi
838 1817 942 1893 singuli
955 1816 1093 1875 dicerent.

102 1902 184 1963 luter
199 1898 337 1959 liberales
353 1901 520 1979 disciplinas
539 1902 657 1961 attendit
674 1911 703 1960 et
719 1902 781 1960 iuri.
814 1901 900 1960 Dedit
913 1909 941 1959 et
953 1899 1122 1958 matrina-t

104 1987 154 2046 uio
172 2000 307 2062 operanu
325 2002 440 2060 verum,
461 1986 565 2045 amissa
584 2002 677 2044 uxore
692 1985 801 2062 Lepida
818 1984 988 2059 duobusque
1005 1999 1043 2039 ex
1061 1997 1097 2039 ea

104 2069 187 2145 ulis,
205 2067 342 2127 remansit
356 2068 386 2126 iu
398 2067 555 2144 caelibatu,
574 2086 669 2146 neque
688 2068 837 2127 sollicitari
856 2066 914 2125 nlla
928 2062 1097 2123 condicione

103 2151 229 2231 mplius
242 2151 343 2228 potuit,
356 2169 392 2210 ne
406 2151 588 2230 Agrippinae
609 2148 736 2229 quidem,
750 2151 882 2210 viduatae
897 2157 989 2208 morte
1000 2147 1097 2205 Domi·

103 2236 153 2313 tii,
176 2251 251 2314 quae
273 2236 403 2294 maritum
423 2253 539 2313 quoque
561 2234 653 2295 adhuc
672 2234 794 2294 necdum
817 2233 958 2293 caelibem
979 2229 1098 2291 Galbam

105 2318 182 2380 adeo
203 2317 334 2378 omnibus
351 2319 557 2379 sollicitaverat
571 2319 679 2395 modis,
697 2321 773 2378 utin
796 2326 939 2379 conventu
957 2324 1097 2376 matrona·

98 2420 170 2464 rum
190 2409 326 2480 correpta
348 2403 442 2480 iurgio
459 2411 545 2480 atque
566 2404 651 2462 etiam
675 2421 758 2462 manu
781 2402 894 2481 pulsata
913 2401 985 2460 sita
1008 2407 1098 2458 matre

106 2484 245 2565 Lepidae.

173 2567 347 2628 Observavit
360 2577 425 2629 ante
441 2571 533 2629 omnis
549 2570 657 2630 Liviam
673 2570 850 2647 Augustam,
870 2570 949 2630 cuius
967 2576 997 2628 et
1015 2569 1100 2628 vivae

108 2653 204 2732 gnatia
221 2651 372 2730 plurimum
388 2653 478 2713 valuit
496 2662 525 2712 et
545 2663 675 2714 mortuae
692 2663 863 2714 testamento
881 2671 975 2732 paene
997 2647 1100 2709 ditatus

109 2745 170 2805 cst3
184 2736 347 2794 sestertium
359 2754 482 2814 namque
497 2738 679 2815 quingenties
693 2757 755 2798 cum
768 2739 955 2816 praecipuum
969 2736 1043 2793 inter
1058 2733 1099 2791 le·

98 2818 240 2898 ›gatarios
250 2817 407 2896 habuisset,
420 2822 486 2897 quia
497 2829 593 2881 notata
604 2839 662 2880 non
674 2823 838 2900 perscripta
850 2829 912 2880 erat
920 2835 1038 2892 summa,
1050 2815 1100 2874 he·

109 2902 182 2963 rede
195 2900 313 2962 Tiberio
324 2903 449 2980 legatum
461 2904 497 2964 ad
509 2905 664 2983 quingenta
676 2915 845 2981 revocante,
859 2923 895 2963 ne
905 2903 979 2962 haec
987 2897 1100 2978 quidem

110 2986 236 3062 accepit.

174 3067 340 3128 Honoribus
366 3078 431 3129 ante
453 3071 610 3148 legitimum
632 3081 746 3150 tempus
772 3071 864 3146 initis,
885 3075 1003 3147 praetor
1025 3077 1131 3132 com-o

110 3152 251 3212 missione
267 3151 398 3213 ludorum
414 3152 571 3214 Floralium
595 3173 700 3215 novum
726 3153 887 3231 spectaculi
904 3167 1015 3228 genus,
1043 3149 1102 3209 ale·

98 3235 237 3316 tpbantos
249 3235 448 3316 funambulos,
459 3238 561 3307 edidit;
581 3240 647 3298 exin
660 3239 828 3316 provinciae
843 3236 1014 3315 Aquitaniae
1030 3249 1103 3293 anno

109 3320 176 3382 iere
195 3319 337 3398 praeluit;
360 3338 429 3381 mox
452 3322 631 3382 consulatum
653 3340 707 3399 per
726 3339 779 3380 sex
801 3338 916 3379 menses
933 3318 1103 3377 ordinarium

109 3405 217 3484 gessit,
230 3405 386 3484 evenitque
398 3406 468 3465 utin
480 3423 516 3465 eo
535 3406 600 3484 ipse
610 3406 640 3464 L.
652 3405 778 3464 Domitio
797 3407 870 3482 patri
886 3403 1029 3481 Neronis,
1048 3403 1105 3480 ips²

109 3486 230 3549 Salvius
239 3485 316 3548 Otho
327 3497 414 3568 pater
431 3487 551 3549 Othonis·
570 3488 741 3540 qnonndonqi
763 3489 844 3532 avains
864 3488 1047 3556 ”aestuandum
1065 3487 1088 3528 iv.
