2256 3930
440 234 667 284 commmunia.
737 185 740 191 ¹
996 223 1055 286 241

70 391 164 451 nullam
179 390 330 467 habuisse,
353 398 507 468 persancte
522 388 645 448 Domitia
660 388 788 449 iurabat:
810 389 885 450 haud
906 400 1058 468 negatura,

70 472 154 553 iqua
169 476 284 534 omnino
301 474 414 549 luisset,
433 475 518 532 immo
537 475 620 533 etiam
635 472 803 550 gloriatura,
821 472 898 554 quod
909 474 950 534 illi
962 492 1058 554 prom·

70 557 216 618 tissimum
231 567 294 618 erat
309 559 338 618 in
352 556 482 617 omnibns
498 556 624 636 probris.

118 642 260 702 Excessit
280 643 309 701 in
328 640 428 701 eadem
452 658 506 717 qua
529 650 611 719 pater
626 641 695 700 villa
714 639 755 700 ld.
775 641 876 719 Septb.
894 652 961 720 post
977 643 1056 702 bien·
1066 645 1096 698 11

71 724 132 786 ium
152 743 188 786 ac
204 743 321 784 menses
343 724 416 784 duos
439 723 559 802 diesque
580 723 645 784 XX.
666 742 750 802 quarn
770 734 955 786 successerat
972 728 1057 805 patri,

70 805 149 870 itero
167 819 196 869 et
214 809 435 888 quadragesimo
457 809 559 867 aetatis
578 825 662 867 auno.
697 807 781 883 Quod
795 818 826 867 ut
842 809 937 888 palam
952 809 1058 870 iactum

70 901 109 972 nt,
126 912 188 954 non
204 911 291 953 secus
307 903 393 971 atque
410 894 438 951 in
456 891 617 952 domestico
635 892 714 952 luctu
728 893 924 953 maerentibus
941 894 1057 972 publice

70 980 185 1055 unctis,
208 986 324 1038 senatus
345 978 424 1055 prius
445 994 529 1055 quam
550 975 646 1036 edicto
669 977 933 1037 convocaretur'ad
952 979 1058 1038 curiam

70 1063 215 1137 cucurrit,
233 1061 435 1140 obseratisque
450 1060 541 1119 adhuc
556 1059 683 1138 loribus,
699 1059 802 1119 deinde
819 1062 944 1140 apertis,
964 1071 1059 1122 tantas

70 1154 167 1206 ¹ortuo
184 1145 295 1223 gratias
311 1145 370 1222 egit
386 1143 543 1223 laudesque
560 1147 718 1221 congessit,
737 1154 857 1223 quantas
869 1164 905 1205 ne
917 1147 985 1207 vivo
998 1146 1057 1225 qui·

70 1244 117 1290 em
133 1247 269 1308 umquam
285 1237 371 1306 atque
388 1228 543 1306 praesenti.

464 1511 666 1521 ..u—*-

419 1749 691 1805 contutatus.

114 1908 296 1968 Domitianus
319 1915 401 1965 natus
428 1916 472 1965 est
494 1905 586 1967 Vllll.
609 1906 655 1966 Kl.
671 1905 813 1966 Novemb.
835 1857 921 1983 patre
938 1904 1083 1972 consule]

70 1993 208 2069 asignato
228 1992 389 2067 inituroque
404 2008 504 2049 mense
519 1991 681 2067 insequenti
699 1990 856 2063 honorem,
875 1988 998 2064 regione
1012 2005 1057 2046 ur·

70 2076 100 2134 is
116 2084 201 2134 sexta
213 2075 249 2135 ad
262 2072 366 2134 illalum
380 2073 530 2149 Punicum,
549 2073 634 2133 domo
651 2092 735 2152 qnam
750 2081 854 2150 postea
872 2072 902 2129 in
922 2070 1059 2149 templum

70 2159 153 2218 entis
167 2158 287 2218 Flaviae
303 2159 453 2216 convertit.
485 2156 648 2217 Pubertatis
663 2177 696 2218 ac
711 2159 820 2236 primae
843 2154 1058 2214 adulescentiae

70 2259 169 2322 empus
184 2251 263 2301 tanta
278 2241 384 2318 inopia
392 2249 528 2317 tantaque
545 2241 659 2301 infamia
675 2243 805 2319 gessisse
821 2240 928 2315 fertur,
950 2247 980 2298 ut
997 2239 1058 2298 nul-

70 2344 113 2385 um
133 2334 304 2402 argenteum
326 2341 378 2382 vas
399 2325 428 2383 in
449 2342 502 2382 usu
522 2324 653 2384 haberet.
705 2325 839 2402 Satisque
861 2330 974 2383 constat
991 2320 1057 2382 Clo·

70 2410 131 2469 inm
145 2407 308 2469 Pollionem
322 2409 499 2485 praetorium
516 2411 616 2484 virum,
635 2411 663 2468 in
680 2427 764 2487 quem
780 2418 825 2468 est
845 2425 950 2486 poema
965 2405 1058 2466 Nero·

70 2493 102 2552 is
116 2491 195 2570 quod
211 2489 377 2550 inscribitur
391 2489 515 2567 Luscio,
534 2493 758 2571 chirographum
779 2494 842 2552 eins
864 2508 1059 2551 conservasse

70 2583 87 2634 rt
102 2592 316 2656 nonnumquam
337 2573 493 2651 protulisse
517 2584 632 2636 noctem
654 2577 708 2636 sibi
731 2577 912 2655 pollicentis;
934 2592 989 2634 nec
1010 2574 1058 2633 de-

70 2668 169 2718 ucrunt
191 2659 239 2736 qui
266 2657 456 2733 affirmarent,
480 2669 644 2738 corruptum
661 2661 852 2720 Domitianum
874 2668 940 2719 eta
962 2657 1059 2716 Nerva

70 2759 231 2802 successore
252 2759 321 2801 mox
341 2758 405 2800 suo.
450 2740 534 2802 Rello
557 2744 715 2805 Vitelliano
736 2744 867 2821 confugit
890 2743 918 2802 in
942 2739 1059 2819 Capito·

70 2825 124 2886 ium
140 2843 204 2885 curn
220 2833 324 2902 patruo
341 2823 448 2884 Sabino
465 2843 500 2884 ac
516 2837 597 2904 parte
614 2828 808 2906 praesentium
825 2827 989 2904 copiarum,
1007 2822 1060 2882 sed

70 2907 282 2988 rrumpentibus
298 2906 473 2968 adversariis
489 2918 517 2968 et
538 2911 656 2972 ardente
683 2912 793 2990 templo
819 2909 894 2988 apud
916 2907 1059 2968 aedituum

70 2990 131 3052 alam
146 2992 343 3073 pernoctavit,
360 3009 394 3051 ac
408 3009 491 3051 mane
506 2991 592 3054 lsiaci
615 2994 726 3055 celatus
747 2994 844 3054 habitu
866 2995 998 3070 interque
1016 3009 1059 3050 sa·

70 3076 205 3136 criticulos
221 3093 316 3134 vanae
331 3075 557 3154 superstitionis,
576 3098 639 3138 cum
654 3097 686 3137 se
703 3087 782 3138 trans
795 3075 922 3136 Tiberim
936 3075 971 3135 ad
991 3090 1060 3134 con·

70 3157 192 3239 liscipuli
206 3158 250 3218 sui
267 3167 387 3218 matrem
405 3161 509 3218 comite
523 3181 578 3222 uno
592 3161 770 3238 contulisset,
786 3161 825 3218 ita
836 3158 926 3235 latuit,
938 3167 968 3217 ut
980 3175 1059 3217 scru-

70 3244 182 3304 antibns
198 3244 246 3321 qui
263 3242 388 3318 vestigia
403 3241 550 3304 subsecuti
566 3255 662 3321 erant,
685 3241 863 3322 deprehendi
888 3259 945 3302 non
957 3250 1059 3320 potue·

70 3324 102 3384 a.
145 3328 217 3387 Post
231 3327 381 3386 victoriam
396 3326 506 3386 demum
522 3347 698 3408 progressus
720 3336 749 3386 et
765 3326 874 3387 Caesar
898 3325 1059 3386 consaluta-

70 3423 110 3489 us,
128 3411 270 3471 honorem
287 3419 441 3487 praeturae
457 3412 585 3473 urbanae
604 3411 749 3472 consulari
764 3418 909 3489 potestate
930 3409 1061 3487 suscepit

70 3491 138 3557 ltulo
171 3503 276 3570 tenus,
299 3495 380 3573 (nam
400 3494 470 3552 iuris
488 3495 641 3556 dictionem
670 3494 705 3555 ad
729 3494 874 3573 collegam
898 3495 1060 3573 proximum

106 3600 264 3641 sasaouurs.
850 3577 889 3639 16
