2256 3930
124 254 174 301 1.11
461 251 673 300 PRAEFATIO·

125 413 191 470 Vam
206 414 233 466 in
245 410 454 468 Polentonianis
473 411 599 482 scriptis,
615 427 731 481 quorum
747 411 838 483 gratia
855 411 953 468 scelus
966 409 1034 468 ittnd

125 495 299 554 commissum
316 511 379 550 esse
395 495 499 565 lentur,
516 495 606 548 nullas
623 494 752 550 Suetonii
769 495 885 551 lacinias
901 511 936 551 aa
952 495 1034 566 plane

125 581 200 637 nulla
220 585 344 635 veterum
374 578 539 649 scriptorum
564 576 686 647 vestigia
712 577 765 633 nisi
788 579 966 650 vulgatorum
985 594 1033 633 ax·

125 672 200 720 stare
216 660 416 719 demonstravit
431 661 536 716 llitsehl
555 660 583 715 in
600 659 731 732 Parergis
747 660 907 720 Plautinisl
926 679 956 734 p.
972 666 1032 721 631.

188 745 288 802 Omnes
311 745 397 815 igitur
422 745 468 815 qui
495 743 673 799 inveniuntur
691 745 806 800 codices
830 743 935 801 novicii
961 750 1033 814 sunt,

125 831 145 886 i.
166 847 190 886 e.
207 831 294 886 altera
308 834 387 900 parte
403 828 509 883 saeculi
525 827 575 882 XV
591 827 688 899 scripti
696 822 732 902 ²⁸)
748 835 778 882 ut
794 844 861 884 sane
879 828 1033 904 mirandum

125 915 161 970 sit
181 920 235 968 tam
252 912 330 968 brevi
354 918 479 982 tempore
501 917 604 966 tantam
626 911 778 967 lectionum
797 911 992 967 diversitatem
1006 910 1033 966 iu

126 997 261 1068 exemplis
289 1013 324 1050 ex
349 1010 403 1050 uno
430 994 596 1066 propagatis
624 995 755 1050 subnasci
775 993 912 1068 potuisse.
959 994 1034 1050 Haec

126 1080 251 1152 exempla
268 1079 337 1134 nulli
359 1078 422 1133 usui
438 1078 540 1146 forant,
557 1077 612 1132 nisi
630 1077 704 1133 liber
722 1077 772 1132 ille
789 1079 824 1134 ab
839 1077 976 1132 Hanoeho
991 1077 1034 1132 iu-

127 1171 222 1220 ventus
239 1163 284 1218 vel
305 1162 427 1234 perisset
443 1161 487 1215 vel
503 1159 601 1230 ignoto
618 1161 682 1216 loco
700 1161 809 1217 lateret.
852 1159 931 1215 Nunc
942 1165 974 1215 ut
988 1177 1034 1215 res

126 1265 156 1304 se
170 1249 271 1316 habet,
291 1245 356 1301 boni
376 1245 442 1300 libri
463 1261 478 1300 a
493 1243 634 1314 corruptis
654 1242 843 1314 distinguendi
859 1249 965 1299 suntet
979 1243 1033 1298 cri-

126 1331 181 1388 tico
198 1331 349 1400 diligenter
364 1328 508 1398 sequendi.

63 1412 115 1453 Γ·ἱ·Γ
187 1412 286 1468 1155111
309 1412 343 1467 de
356 1411 546 1467 Grammaticis
569 1416 597 1465 ct
613 1410 774 1467 rhetoribus
791 1410 905 1467 codices
920 1410 1033 1482 scripti,

59 1489 254 1569 quantum
269 1511 323 1566 ego
333 1495 467 1566 comperi,
482 1493 607 1550 universi
620 1489 1032 1566 reperiunturnumeroXV²⁹).

126 1580 195 1636 lix
188 1579 224 1635 nis
240 1579 380 1649 aequabili
397 1578 544 1648 diligentia
563 1578 598 1633 ad
617 1577 837 1633 emendationem
857 1577 955 1634 collati
971 1584 1035 1632 sunt

127 1663 262 1736 quinque:
283 1662 443 1729 Leidensis,
467 1677 547 1731 quem
562 1661 699 1729 singulari
716 1661 751 1715 de
773 1677 856 1716 causa
872 1659 1035 1717 Perizoniu-

127 1765 188 1803 num
206 1747 356 1818 appellant,
373 1744 523 1812 Gudianus,
541 1743 744 1813 Berolinensis,
761 1743 937 1815 liarleiauus,
956 1743 1035 1801 1511-

127 1833 214 1887 sinus.
259 1829 299 1882 De
318 1827 353 1882 iis
369 1828 460 1882 statim
477 1826 591 1882 uberius
607 1827 725 1883 dicetur.
770 1828 894 1884 Nondum
909 1829 1035 1899 diligen-

127 1921 170 1970 ter
186 1912 334 1969 examinati
347 1911 392 1966 vel
407 1928 441 1964 ne
456 1911 575 1981 inspecti
591 1913 700 1980 quidem
716 1920 779 1967 sunt
794 1913 859 1967 libri
874 1912 966 1967 ltalici
983 1927 1035 1967 no-

128 2015 205 2066 vem,
227 2011 343 2066 quorum
365 1994 486 2065 quinque
509 1995 610 2049 Romae
633 1995 661 2049 in
685 1995 828 2051 Pontifioia
849 1995 1034 2066 bibliotheca,

128 2081 231 2151 singuli
245 2078 383 2146 Venetiis,
399 2078 577 2146 Mediolanii,
593 2077 769 2146 Florentiae,
784 2077 902 2149 Neapoli
916 2094 1035 2135 servan-

128 2171 187 2229 tur;
207 2181 287 2219 unum
300 2161 466 2218 Havuieusis
482 2161 653 2217 bibliotheca
666 2161 795 2233 possidet
805 2161 833 2215 in
846 2155 990 2236 ueniat).

125 2281 335 2294 ——ua—-1-

197 2357 245 2421 28)
263 2360 394 2408 Annorum
413 2366 486 2408 notas
504 2357 530 2407 hi
544 2357 707 2422 praeferunt:
725 2355 946 2421 lambethense,
966 2358 1035 2413 1462

129 2427 287 2484 Harleianus‚
308 2428 375 2478 1464
390 2428 511 2487 Venetus,
529 2428 595 2476 1171
609 2425 790 2477 Berolinensis.

197 2491 244 2556 29)
265 2495 325 2543 Inde
343 2510 374 2544 ne
393 2495 477 2559 specie
492 2494 593 2558 quidem
611 2494 665 2543 veri
682 2494 766 2543 ornari
780 2495 862 2559 potuit
879 2495 985 2546 verbnm
1003 2496 1034 2546 ab

128 2562 231 2613 homine
254 2563 398 2613 doctissimo
427 2563 564 2627 eodemque
586 2561 776 2612 bibliothecario
798 2563 911 2612 Amadeo
933 2563 1034 2628 Peyron

130 2632 255 2692 iactatum,
275 2631 318 2694 qui
333 2633 358 2681 15
372 2631 465 2681 Ν511115
481 2632 600 2681 librorum
618 2646 634 2679 5
644 2630 774 2695 Valperga
792 2631 851 2680 bibl.
867 2629 969 2681 Tauria.
988 2632 1035 2681 do-

128 2708 244 2750 natorum
260 2699 329 2764 Lips.
348 2699 416 2751 1820
432 2715 457 2764 p.
475 2700 508 2751 85
526 2700 640 2759 Inclinat,
659 2699 753 2761 inquit,
769 2700 868 2749 animus
886 2709 914 2748 ut
932 2701 1036 2750 credam

130 2767 277 2818 Suetonium
297 2768 329 2816 de
348 2769 534 2833 grammaticis,
559 2770 629 2817 catus
651 2774 714 2817 teste
736 2767 884 2818 Gasaubono
906 2771 1036 2833 vestigium

129 2836 225 2901 quidem
240 2838 330 2885 nultum
347 2839 373 2886 in
391 2838 502 2886 librariis
518 2839 558 2886 oet
573 2837 767 2899 locupletissimis
789 2843 912 2898 apparet,
937 2837 968 2886 ab
987 2838 1036 2886 im-

130 2904 274 2971 postoribus
292 2903 431 2971 philologis
452 2905 540 2954 ltaliae
560 2919 625 2954 saec.
641 2903 691 2953 XV
707 2919 764 2953 esse
780 2904 929 2970 profectum.

199 2971 246 3036 30)
264 2973 435 3023 Romanorum
452 2973 516 3022 tituli
533 2972 560 3022 hi
582 2979 653 3022 suut:
672 2972 788 3022 Vaticani
798 2980 849 3022 tres
859 2971 934 3024 1518.
956 2972 1034 3024 1862.

130 3040 217 3103 4488,
245 3041 427 3092 ottobonianus
455 3041 538 3102 1455,
563 3041 671 3092 Urbinas
697 3040 771 3091 1184.
808 3042 902 3092 Eorum
920 3040 1035 3092 Achillas

136 3110 238 3171 Statius,
256 3126 313 3161 cum
327 3111 394 3161 hunc
411 3110 523 3159 libellum
541 3125 564 3160 a.
585 3108 651 3159 1565
669 3110 763 3159 Romae
783 3111 876 3170 ederet,
893 3111 967 3170 duos,
984 3125 1035 3160 uon

131 3189 196 3239 tres,
215 3180 340 3231 consuluit
356 3188 380 3230 et
397 3177 512 3259 quidem,
529 3184 557 3226 ut
576 3177 678 3242 opinor,
697 3178 777 3243 primo
791 3179 845 3229 loco
864 3186 1034 3228 enumeratos.

131 3274 165 3283 -
181 3216 294 3297 Venetus
312 3249 417 3298 codex'
411 3261 436 3295 nn
454 3247 580 3294 Marciana
598 3245 748 3296 bibliotheca
768 3247 847 3296 Glass
864 3245 934 3305 XlV,
958 3248 967 3294 l
989 3261 1036 3296 55

131 3323 211 3375 15155,
230 3317 288 3365 51115
303 3317 423 3365 Patavii'
417 3330 443 3363 1n
459 3315 516 3363 bibl.
538 3313 563 3364 S.
584 3315 709 3363 loannis'
703 3329 729 3362 ru
748 3315 882 3364 Viridiario
899 3315 1035 3379 repositus,

132 3384 209 3447 script
211 3401 240 3433 us
259 3392 296 3433 est
310 3384 438 3434 Bononiae
458 3383 575 3440 5.1454;
595 3378 641 3434 511
661 3383 806 3432 Massmann
825 3383 857 3431 ad
876 3383 955 3432 Taciti
973 3382 1036 3431 Ger-

132 3453 256 3513 maniam,
274 3452 408 3501 Thomas
401 3467 428 3500 15
446 3450 584 3499 Miinchaen
601 3450 651 3514 gel.
671 3455 736 3500 Anz
759 3449 825 3500 1853
845 3466 886 3500 no
910 3451 933 3501 1.
953 3452 977 3500 2.
1001 3475 1035 3486 -

134 3518 276 3568 Mediolanii
304 3520 500 3568 Ambrosianum
531 3519 642 3566 codicem
669 3527 846 3568 commemorat
837 3518 1035 3568 tthlonl'aucon
