2256 3930
456 198 741 248 vrunumus.
1027 190 1088 250 217

86 355 193 432 enuit,
212 353 283 415 Gaio
301 371 354 432 per
370 353 532 430 aurigandi,
555 351 674 413 Glaudio
693 371 747 431 per
767 353 850 414 aleae
869 355 990 415 studium
1009 355 1088 415 iami-

86 438 184 516 laris,
204 437 256 498 sed
276 438 420 515 aliquanto
442 436 552 497 Neroni
574 438 737 515 acceptior,
766 455 828 496 cunr
848 449 969 518 propter
989 439 1088 504 eadem

86 537 177 601 mec,
193 531 252 582 tum
267 521 407 599 peculiari
423 522 540 595 merito,
559 520 634 598 quod
650 520 819 597 praesidens
836 525 982 583 certamini
996 523 1088 583 Nero·

86 622 167 683 reo,
189 606 352 683 cupientem
370 607 445 663 inter
468 603 653 662 citharoedos
673 603 864 681 contendere,
885 625 940 665 nec
960 609 1089 685 quamvis

86 687 291 767 [agitantibus
309 689 419 747 cunctis
441 688 610 766 promittere
628 686 778 746 audentem
796 687 920 768 ideoque
938 708 1089 766 egressum

86 770 206 834 heatro
220 780 422 847 revocaverat,
436 773 515 850 quasi
530 771 744 848 perseverantis
757 771 858 848 populi
869 772 1015 849 legatione
1027 791 1088 832 sus·

86 866 192 935 zepta,
208 855 441 933 exorandumque
454 853 637 933 praebuerat.

156 939 253 1000 Trium
270 941 365 1018 itaque
381 939 541 1017 principum
556 937 732 1014 indulgentia
747 955 804 997 nou
824 939 916 998 solum
932 939 1121 1002 honoribust

86 1024 195 1084 berum
212 1032 241 1082 et
255 1021 426 1083 sacerdotiis
440 1021 622 1101 amplissimis
637 1029 747 1097 aucbrs,
765 1023 999 1100 proconsulatum
1013 1023 1088 1084 Airi-

86 1123 150 1168 nae
173 1116 241 1186 post
261 1107 334 1166 baec
354 1124 509 1185 curamque
530 1123 651 1184 operum
672 1104 852 1184 publicorum
873 1106 1090 1184 administravit,

86 1194 127 1250 “ot
137 1192 284 1250 voluntate
296 1190 404 1268 dispari
420 1199 449 1249 et
461 1191 681 1249 existimatione.
707 1188 739 1247 ln
756 1190 904 1268 provincia
916 1191 1091 1267 singularem

86 1266 288 1349 'onocentiam
300 1275 443 1351 praestitit
456 1273 572 1332 biennio
585 1274 765 1348 continuato,
779 1291 842 1332 cum
854 1274 1021 1333 succedenti
1034 1274 1090 1334 ira·

86 1352 133 1415 kri
142 1358 257 1434 legatus
270 1357 460 1426 substitisset;
476 1365 504 1416 at
520 1359 549 1416 in
567 1356 675 1416 urbano
694 1357 792 1416 cilicio
814 1357 889 1418 dona
909 1367 995 1436 atque
1008 1375 1078 1417 orna

86 1426 192 1510 herta
200 1441 373 1518 templorum
385 1439 564 1518 subripuisse
580 1449 608 1499 et
623 1449 812 1500 commutasse
826 1441 964 1519 quaedam
976 1440 1090 1501 fereba-

86 1520 156 1602 aur,
175 1541 287 1603 proque
304 1542 373 1585 auro
392 1533 420 1583 et
440 1533 559 1600 argento
579 1533 708 1583 stannum
727 1533 755 1583 et
773 1524 966 1585 aurichalcum
983 1543 1090 1603 suppo-

86 1609 201 1669 rruisse.

159 1692 289 1752 Uxorem
303 1689 401 1748 habuit
413 1690 577 1750 Petroniam
596 1691 756 1750 consularis
772 1691 825 1750 viri
837 1692 940 1768 liliam,
961 1702 989 1751 et
1006 1711 1042 1752 ex
1057 1711 1090 1752 ea
1106 1696 1121 1754 d

93 1772 186 1836 lilium
203 1774 403 1834 Petronianum
427 1784 540 1852 captum
558 1775 649 1834 altero
671 1774 768 1834 oculo.
807 1774 890 1834 Hunc
914 1774 1052 1834 heredem
1075 1795 1092 1836 a

86 1868 189 1921 'matre
203 1856 254 1915 sub
272 1856 443 1916 condicione
455 1859 626 1932 institutum,
649 1859 672 1916 si
690 1858 726 1917 de
746 1867 891 1934 potestate
910 1859 999 1936 patris
1016 1859 1091 1918 exis·

87 1953 152 2019 set,
167 1959 250 2000 manu
262 1940 355 1999 emisit
366 1939 517 2018 breuique,
532 1951 563 2000 ut
577 1940 714 2000 creditum
724 1949 783 2017 est,
800 1941 957 2016 interemit,
978 1942 1091 2000 insimu·

86 2017 185 2088 latum
202 2025 321 2102 iusuper
339 2023 484 2103 parricidii
502 2033 530 2083 et
545 2025 626 2101 quasi
642 2032 770 2102 paratum
783 2022 818 2081 ad
836 2024 932 2082 scelus
952 2041 1092 2083 venenum

86 2123 134 2171 ex
159 2107 338 2168 conscientia
358 2106 511 2166 hausisset.
554 2107 642 2165 Duxit
669 2124 737 2165 mox
764 2104 907 2166 Galeriam
927 2105 1092 2167 Fundanam

86 2191 247 2271 praetorio
268 2199 367 2267 patre,
392 2189 479 2248 aede
500 2190 555 2249 hac
575 2208 691 2268 quoque
711 2190 823 2249 liberos
838 2191 985 2268 utriusque
1004 2208 1093 2251 sexus

86 2277 178 2351 tulit,
195 2274 247 2333 sed
262 2291 368 2332 marem
385 2273 533 2333 titubantia
550 2275 609 2332 oris
624 2291 718 2352 prope
734 2282 838 2334 mutum
853 2283 882 2333 et
900 2274 1054 2351 elinguem.

162 2357 190 2417 A
204 2355 295 2418 Galba
309 2359 337 2415 iu
353 2356 520 2416 inferiorem
537 2357 715 2432 Germaniam
732 2367 831 2417 contra
847 2358 1012 2437 opinionem
1026 2359 1091 2418 mis·
1106 2368 1121 2427 7

86 2461 148 2505 uus
166 2450 220 2500 est.
250 2439 383 2500 Adiutum
400 2449 500 2518 putant
516 2440 548 2500 Τ.
564 2442 630 2500 Virri
647 2441 801 2518 suffragio,
818 2451 885 2501 tunc
901 2444 1091 2520 potentissimi

86 2537 126 2589 et
145 2526 192 2585 cui
206 2527 261 2584 iam
279 2523 390 2602 pridem
410 2543 463 2602 per
479 2542 656 2584 communem
668 2525 803 2584 factionis
815 2527 951 2586 Venetae
960 2527 1093 2587 fauorem

91 2607 273 2672 conciliatus
290 2617 384 2676 esset;
400 2609 454 2666 nisi
471 2608 547 2686 quod
565 2607 655 2668 Galba
670 2626 740 2686 prae
754 2627 786 2667 se
798 2609 878 2685 tulit,
892 2610 987 2670 nullos
1001 2611 1093 2668 minus

92 2691 271 2753 metuendos
287 2709 369 2769 quam
386 2693 433 2768 qui
450 2691 486 2750 de
502 2691 568 2751 solo
584 2693 661 2751 victu
677 2693 849 2769 cogitarent,
867 2710 902 2752 aa
919 2711 1008 2770 posse
1025 2709 1092 2769 pro-

97 2774 271 2836 vincialibus
290 2776 382 2852 copiis
402 2775 572 2852 profundam
594 2775 690 2852 gulam
712 2777 773 2834 eius
798 2776 927 2854 expleri,
950 2784 980 2834 ut
1003 2777 1093 2834 cuivis

98 2859 221 2920 evidens
243 2860 279 2917 sit
301 2867 466 2936 contemptu
488 2859 580 2935 magis
600 2877 683 2936 quam
712 2860 804 2935 gratia
832 2859 966 2918 electum.
1017 2858 1093 2917 Satis

101 2952 224 3019 constat,
243 2943 355 3000 exituro
371 2943 504 3001 viaticum
520 2942 658 3017 defuisse,
674 2950 751 3001 tauta
768 2950 900 3018 egestate
915 2944 957 3001 rei
975 2941 1092 3001 iamilia-

100 3029 157 3104 ris,
175 3035 205 3085 ut
220 3042 311 3084 uxore
328 3034 356 3083 et
370 3024 488 3103 liberis,
508 3043 580 3103 quos
596 3026 705 3085 Romae
724 3024 923 3101 relinquebat,
944 3025 1092 3083 meritorio

103 3109 262 3170 caenaculo
278 3108 395 3185 abditis,
418 3109 531 3168 domum
546 3111 573 3168 in
594 3109 866 3186 reliquampartem
888 3109 954 3168 anni
975 3107 1092 3167 abloca-

86 3205 154 3270 tret,
172 3203 259 3271 utque
275 3211 313 3252 err
330 3211 397 3252 aure
412 3194 511 3253 matris
526 3192 684 3252 detractum
701 3196 833 3250 unionem
849 3191 1046 3270 pigneraverit
1057 3189 1093 3250 ad

101 3279 212 3336 itineris
226 3278 382 3355 impensas.
414 3275 594 3337 Greditorum
611 3275 725 3352 quidem
741 3276 975 3353 praestolantium
994 3291 1028 3333 ac
1044 3273 1093 3333 de·

100 3361 248 3420 tinentium
264 3360 375 3421 turbam
391 3369 421 3419 et
441 3361 469 3419 in
490 3361 525 3418 iis
549 3360 741 3417 Sinuessanos
757 3357 1000 3436 Formianosque,
1023 3373 1092 3436 quo·

100 3462 163 3504 rum
180 3443 295 3522 publica
314 3443 471 3522 vectigalia
493 3444 713 3519 interverterat,
743 3442 858 3500 nonnisi
879 3451 993 3501 terrore
1017 3439 1094 3500 calu·
