2286 3944
405 211 510 261 ornus
532 213 720 262 accusans.
1022 198 1063 259 47

10 350 24 387 *
61 377 239 450 potestatem
259 387 377 448 semper
400 367 530 428 omuibus
552 368 639 445 lecit,
662 371 794 446 quotiens
818 369 928 429 uellent
943 369 1062 430 obsides

60 454 232 532 recipiendi.
264 452 368 532 Neque
390 461 437 513 aut
454 451 585 512 crebrius
609 461 656 511 aut
684 453 867 531 perfidiosius
892 452 1061 515 rebellantis

60 539 199 615 graviore
214 534 345 617 umquam
359 535 435 596 nltns
453 545 498 595 est
510 553 621 614 poena,
639 553 721 615 quam
737 546 765 598 ut
778 539 910 616 captivos
924 538 977 598 sub
992 539 1062 615 lege

60 620 257 699 venundaret,
275 639 312 680 ne
328 622 356 680 in
373 621 467 680 vicina
482 622 603 698 regione
619 623 763 681 servirent
778 640 853 682 neve
866 625 939 683 intra
955 625 1061 682 tricen-

37 708 164 765 usimum
192 723 293 765 annum
324 703 525 764 liberarentur.
570 705 633 778 Qua
658 707 769 765 virtutis
797 706 1061 786 moderationisque
1105 729 1108 735 ·

59 791 137 851 fama
151 788 238 850 ludos
255 791 340 849 etiam
356 807 389 848 ac
406 788 547 865 Scythas,
564 788 659 848 auditu
675 788 760 849 modo
777 793 920 867 cognitos,
939 790 1062 869 pellexit

60 874 98 934 ad
114 876 266 937 amicitiam
289 891 368 933 suam
390 871 548 951 populique
570 873 652 932 Rom.
669 873 744 933 ultro
759 892 813 952 per
829 874 945 950 legatos
961 882 1060 951 peten-

10 955 19 993 ·,·
61 959 136 1019 dam.
174 957 271 1017 Parthi
293 975 408 1036 quoqne
431 964 461 1015 et
481 955 646 1015 Armeniam
670 957 824 1021 vindicanti
850 957 938 1017 facile
963 974 1060 1016 cesse·

59 1051 127 1102 runt
141 1050 171 1101 et
186 1043 270 1117 signa
282 1041 431 1117 militaria,
449 1058 523 1117 quae
538 1040 576 1100 M.
585 1039 692 1101 Crasso
708 1051 737 1101 et
750 1041 788 1102 ll.
805 1040 931 1101 Antonio
947 1039 1061 1101 ademe-

10 1130 51 1184 'ro
61 1135 144 1202 rant,
163 1126 332 1203 reposcenti
352 1123 537 1185 reddiderunt
558 1123 733 1204 obsidesque
751 1128 869 1205 insuper
884 1125 1060 1205 optulerunt,

61 1210 204 1288 denique,
220 1208 349 1287 pluribus
368 1207 509 1288 quondam
525 1209 560 1268 de
576 1226 669 1286 regno
680 1211 932 1287 concertantibus,
948 1210 1061 1268 nonnisi

61 1294 98 1354 ab
116 1295 181 1372 ipso
199 1292 323 1352 electum
338 1292 544 1372 probaverunt.

125 1376 224 1438 lanum
239 1377 400 1454 Quirinum,
417 1376 507 1436 semel
523 1386 608 1456 atque
624 1379 726 1437 iterum
741 1396 757 1438 a
774 1379 889 1438 condita
903 1377 975 1437 urbe
994 1385 1101 1446 anteon

61 1463 228 1522 memoriam
245 1479 325 1521 suam
342 1461 485 1538 clausum,
507 1462 534 1520 in
549 1460 638 1521 multo
658 1462 795 1525 breviore
811 1464 949 1542 temporis
966 1462 1059 1540 spatio

26 1566 52 1606 rs
61 1556 141 1607 terra
156 1547 284 1623 marique
300 1563 375 1624 pace
390 1554 473 1624 parta
490 1553 534 1603 ter
550 1545 643 1605 clusit.
674 1544 723 1605 Bis
739 1563 829 1607 ovans
846 1549 996 1624 ingressus
1016 1553 1061 1604 est

61 1629 179 1708 urbem,
195 1638 262 1707 post
279 1628 466 1708 Philippense
483 1637 512 1687 et
526 1647 624 1689 rursus
641 1639 709 1709 post
724 1631 850 1691 Siculum
864 1630 981 1690 bellum.
1006 1627 1059 1690 Gu-

61 1713 134 1774 rulis
150 1713 309 1791 triumphos
326 1716 377 1773 tris
394 1715 471 1790 egit,
488 1712 687 1792 Delmaticum,
704 1713 870 1792 Actiacum,
888 1713 1059 1774 Alexandri-

62 1816 145 1874 num,
169 1799 304 1856 continuo
326 1796 418 1857 triduo
440 1814 549 1856 omnes.
583 1797 693 1859 Graves
715 1801 886 1875 ignominias
902 1798 1059 1877 cladesque
1068 1813 1103 1867 23

62 1881 133 1942 duas
150 1883 264 1940 omnino
279 1899 334 1940 nec
353 1879 420 1940 alibi
436 1899 519 1960 quam
536 1882 564 1940 in
580 1880 731 1943 Germania
753 1886 882 1962 accepit,
903 1882 1060 1942 Lollianam

27 1974 94 2026 boet
122 1966 294 2040 Varianam,
323 1963 375 2024 sed
398 1963 554 2025 Lollianam
577 1968 692 2026 maioris
716 1967 848 2026 infamiae
871 1984 954 2045 quam
972 1965 1059 2025 detri-

61 2050 166 2124 menti,
187 2049 341 2109 Varianam
362 2067 456 2127 paene
478 2049 670 2127 exitiabilem,
695 2050 785 2110 tribus
809 2048 974 2127 legionibus
997 2064 1061 2106 cum

62 2133 138 2194 duce
153 2130 317 2211 legatisque
334 2141 363 2192 et
380 2132 492 2192 auxiliis
508 2132 637 2193 omnibus
656 2136 760 2194 caesis
790 2133 851 2193 Hac
866 2135 992 2192 nuntiata
1011 2149 1059 2190 ex-

62 2216 163 2277 cubias
179 2233 233 2294 per
248 2217 348 2276 urbem
363 2215 473 2292 indixit,
491 2235 527 2276 ne
545 2218 607 2295 quis
626 2217 759 2276 tumultus
772 2219 920 2294 existeret,
936 2224 966 2275 et
976 2231 1060 2314 prae-

10 2318 23 2376 ,”
63 2299 173 2361 sidibus
198 2301 411 2378 prouinciarum
433 2303 635 2379 propagavit'
627 2303 792 2381 imperium,
815 2310 845 2360 ut
872 2301 1009 2380 aperitis
1031 2306 1061 2357 et

28 2385 187 2447 inassuetis
215 2385 288 2444 socii
315 2387 539 2444 continerentur
576 2387 664 2446 Vovit
687 2393 717 2445 et
743 2403 864 2462 magnos
893 2384 977 2445 ludos
998 2380 1061 2443 lovi

62 2469 178 2548 Optimo
185 2467 362 2546 blaxrmo,
338 2487 362 2528 sr
377 2486 425 2528 res
442 2487 471 2547 p.
487 2471 516 2528 in
530 2469 679 2530 meliorem
695 2479 797 2530 statum
812 2470 964 2530 vertisset:
984 2464 1060 2547 quod

62 2554 170 2613 iactum
185 2549 331 2613 Cimbrico
348 2551 532 2632 blarsicoque
548 2553 627 2613 bello
643 2563 714 2616 erat.
752 2553 836 2614 Adeo
852 2554 975 2632 denique
991 2569 1058 2613 cou-

63 2644 220 2697 stematum
240 2637 351 2714 lerunt,
374 2645 405 2696 ut
421 2655 475 2715 per
496 2639 647 2698 continuos
658 2657 774 2699 meuses
790 2639 879 2699 barba
895 2637 1060 2716 capilloque

63 2721 214 2781 summisso
233 2729 319 2799 caput
333 2720 474 2780 interdum
485 2721 595 2781 foribus
610 2722 749 2800 illideret,
769 2723 948 2782 uociferans:
965 2717 1058 2791 Quin-

10 2821 54 2923 ,ao
63 2804 112 2866 tili
132 2802 229 2882 Vure,
255 2804 391 2884 lepioncs
414 2804 528 2867 redde!
551 2805 682 2886 diemque
700 2807 790 2867 cladis
806 2815 875 2886 quot
890 2805 969 2864 annis
984 2819 1059 2860 mae·

63 2898 137 2948 stum
167 2887 299 2950 babuerit
321 2908 355 2948 ao
376 2888 538 2964 lugubrem.
573 2889 606 2950 ln
629 2910 662 2951 re
683 2892 798 2952 militari
822 2899 851 2949 et
878 2886 1101 2948 commutavitte

61 2972 151 3031 multa
173 2982 203 3031 et
223 2974 359 3049 instituit,
381 2981 467 3051 atque
489 2976 574 3036 etiam
589 2975 625 3035 ad
639 2978 782 3055 antiquum
799 2991 909 3033 morem
924 2968 1060 3030 nonnulla

62 3057 224 3117 revocavit.

125 3138 313 3219 Disciplinam
334 3144 518 3203 severissime
533 3145 624 3204 rexit:
645 3161 681 3201 ne
696 3143 858 3220 legatorum
875 3138 988 3218 quidem
1003 3138 1059 3197 cui·

30 3237 166 3303 usquam,
187 3225 242 3285 nisi
263 3235 386 3303 gravate
408 3226 594 3305 hibernisque
616 3227 727 3287 demum
746 3224 908 3299 mensibus,
932 3222 1061 3300 permisit

63 3324 185 3367 uxorem
205 3309 387 3371 intervisere.
424 3310 559 3390 Equitem
582 3311 634 3385 ll.,
656 3310 733 3388 quod
753 3309 864 3369 duobus
884 3307 949 3367 liliis
964 3305 1059 3366 adule-

64 3390 214 3452 scentibus
236 3410 323 3455 eausa
341 3393 520 3454 detrectandi
540 3396 711 3454 sacramenti
732 3392 856 3471 pollices
875 3397 1059 3470 amputasset,

10 3478 21 3507 '
63 3474 159 3552 ipsum
173 3474 307 3557 bonaque
329 3476 452 3538 subiecit
466 3478 581 3548 hastae;
604 3496 688 3558 quern
706 3487 815 3555 tamen,
832 3477 908 3557 quod
922 3477 1060 3536 imminere
