2256 3930
90 245 150 306 114
179 255 209 304 c.
223 255 372 304 sauram
384 255 512 314 ranno.
528 254 575 300 nra
587 253 670 301 vrrs
683 251 866 301 cssssnrnr
876 253 949 301 urs.
963 252 1018 300 111.

43 411 79 463 66
150 410 279 473 Urebant
301 411 419 487 insuper
441 411 552 469 anxiam
566 418 690 469 mentem
706 409 785 469 varia
802 407 929 486 undique
953 410 1092 486 convitio,

87 494 167 555 nullo
191 510 248 553 non
266 493 460 554 damnatorum
481 510 565 552 omne
580 491 680 571 probri
696 510 788 569 genus
804 510 902 552 coram
920 492 973 551 vel
991 511 1050 570 per
1064 493 1091 552 li·

87 578 184 637 bellos
202 579 229 635 in
248 577 398 637 orchestra
416 577 528 655 positos
543 577 704 653 ingerente.
734 575 843 650 Quibus
860 575 982 655 quidem
999 576 1090 636 diver·

87 664 199 721 sissima
224 661 426 736 adficiebatur,
451 660 537 720 modo
554 669 584 719 ut
603 678 674 739 prae
695 659 807 738 pudore
828 661 930 736 ignota
948 668 980 719 et
1001 660 1091 720 celata

87 754 189 805 cuncta
203 753 332 824 cuperet,
348 761 558 823 nonnumquam
571 743 671 803 eadem
686 751 886 804 contemneret
897 752 930 803 et
943 744 1091 822 proferret
1118 767 1121 806 t

85 829 161 888 ultro
177 838 263 906 atque
277 829 419 904 vulgaret.
443 829 518 903 Quin
533 837 562 887 et
573 826 712 887 Artabani
727 826 896 887 Parthorum
912 829 1001 904 regis
1018 827 1089 888 lace

85 922 163 972 ratus
180 921 225 971 est
241 912 354 988 litteris,
367 912 521 991 parricidia
539 921 568 971 et
584 911 690 972 caedes
702 919 731 970 et
741 911 886 988 ignaviam
901 919 934 970 et
951 911 1088 972 luxuriam

86 996 254 1073 obicientis,
273 997 474 1075 monentisque
493 1005 522 1056 ut
539 995 700 1055 voluntaria
715 1005 809 1056 morte
823 996 952 1054 maximo
970 997 1086 1055 iustissi-

44 1087 75 1143 67
84 1097 190 1158 moque
217 1081 321 1139 civium
347 1079 413 1139 odio
437 1098 521 1159 quam
545 1079 664 1159 primum
690 1079 903 1139 satisfaceret.
935 1077 1108 1139 Postremo.

84 1172 176 1222 semet
203 1164 268 1241 ipse
288 1172 455 1241 pertaesus,
482 1163 531 1223 tali
554 1161 695 1240 epistulae
725 1163 868 1241 principio
895 1171 1011 1223 tantum
1036 1138 1116 1257 naabi

84 1264 219 1306 summam
235 1247 374 1305 malorum
390 1264 505 1307 suorum
518 1247 671 1326 professus
688 1255 746 1306 est:
1097 1266 1109 1331 p

146 1328 229 1402 (inid
257 1328 394 1389 scribam
423 1330 512 1392 vobio
539 1329 573 1390 Ρ.
598 1327 631 1390 0.
655 1336 710 1390 ant
734 1346 793 1408 pao
817 1328 911 1390 modo
940 1328 1081 1403 scribam,
1120 1360 1121 1397 ς

85 1420 139 1472 aat
171 1412 245 1491 qirid
272 1413 393 1473 onanino
421 1432 483 1474 non
514 1411 650 1474 scribam
683 1413 742 1473 boc
774 1421 928 1489 tempore,
970 1412 1019 1474 dii
1047 1431 1082 1473 mc

85 1497 220 1573 deaeque
242 1496 332 1573 peina
358 1496 493 1574 perdant
522 1514 614 1576 qaam
642 1495 755 1558 cotidie
778 1497 884 1574 perire
911 1497 1032 1573 sentio,
1064 1496 1083 1556 ci

83 1597 159 1640 caro.

148 1662 318 1723 Existimant
334 1663 446 1741 quidam
462 1664 627 1742 praescisse
640 1663 713 1724 haec
729 1682 793 1723 eum
809 1664 913 1741 peritia
928 1664 1081 1725 futurorum

84 1765 118 1807 ac
135 1746 224 1805 multo
242 1756 321 1823 ante,
339 1757 442 1825 quanta
459 1767 492 1807 se
508 1746 679 1826 quandoque
694 1747 838 1808 acerbitas
854 1756 883 1806 et
898 1748 1021 1808 infamia
1036 1767 1080 1808 ma·

82 1839 182 1906 neret,
205 1831 409 1909 prospexisse;
437 1831 576 1910 ideoque,
598 1839 628 1890 ut
651 1832 801 1910 imperium
820 1831 932 1909 inierit,
954 1841 987 1892 et
1002 1835 1082 1910 patris

83 1915 193 1993 patriae
220 1914 444 1993 appellationem
467 1924 495 1974 et
516 1933 552 1973 ne
573 1916 601 1972 in
617 1924 681 1975 acta
696 1933 747 1974 sua
764 1917 906 1974 iuraretur
923 1914 1074 1977 obstinatis

83 2000 155 2058 sime
169 2016 340 2075 recusasse,
363 2017 400 2057 ne
414 2017 482 2059 mox
496 1999 606 2058 maiore
622 1998 771 2058 dedecore
785 1999 877 2077 impar
893 2000 984 2059 tantis
1000 2000 1082 2060 bono

82 2082 161 2140 ribus
190 2084 375 2142 inveniretur.
418 2081 503 2157 Quod
528 2099 597 2141 sane
625 2083 816 2143 exoratione
839 2083 918 2159 eius,
944 2101 1033 2161 quam
1056 2083 1083 2143 do

81 2176 202 2244 utraque
225 2165 393 2242 rehabuit,
418 2166 518 2242 colligi
540 2173 652 2242 potest;
675 2166 723 2224 vel
747 2184 810 2225 oum
824 2167 878 2243 ait,
902 2167 1083 2228 similemne

80 2267 201 2327 semper
218 2250 268 2309 sai
285 2247 423 2326 satarum
439 2266 656 2327 necunquam
675 2254 862 2309 mutaturam
882 2268 990 2310 mores
1004 2269 1084 2327 onos,

81 2350 173 2410 qnam
189 2333 242 2392 dia
259 2350 359 2393 sanae
372 2333 480 2393 mentio
491 2331 625 2411 fuissem
641 2333 698 2392 scd
712 2333 846 2411 exempli
856 2351 958 2394 cansa
976 2353 1083 2396 cacen-

82 2416 152 2474 dam
169 2434 251 2488 esse,
267 2435 306 2476 ne
321 2435 355 2475 se
372 2423 497 2477 cenatas
514 2416 546 2476 in
564 2423 638 2476 acta
654 2418 834 2496 cainspaam
849 2416 1019 2496 obligaret,
1040 2418 1085 2500 qni

83 2499 186 2575 aliquo
205 2515 281 2557 casn
296 2501 413 2560 matari
423 2507 538 2578 posset.
569 2499 606 2559 Et
621 2519 720 2559 rursus

143 2579 179 2639 st
198 2582 321 2658 qnando
343 2589 459 2659 antem,
481 2585 585 2663 inquit,
610 2583 648 2642 de
666 2583 804 2644 moribus
821 2582 896 2642 meis
918 2583 1086 2665 devotoque

82 2663 170 2725 vobio
185 2665 287 2724 animo
300 2665 525 2742 dubitaveritis,
542 2664 640 2750 (qnod
650 2668 741 2744 prins
757 2685 847 2746 qaam
863 2668 998 2745 eveniat,
1020 2676 1086 2747 opto

81 2757 114 2809 nt
132 2767 179 2808 me
197 2767 359 2826 supremus
378 2750 444 2810 dies
457 2750 528 2810 lanio
541 2757 678 2810 matutae
695 2760 820 2811 vertrae
835 2751 873 2810 de
887 2769 934 2811 mc
950 2751 1088 2830 opinioni

83 2830 209 2913 eripiat)
227 2833 304 2893 nibil
317 2834 444 2894 bonorir
458 2835 573 2895 adiciet
587 2834 661 2894 mibi
672 2836 781 2912 patria
797 2834 983 2912 appellatio,
998 2835 1087 2898 vobio

84 2926 183 2979 antem
220 2917 427 2995 exprobrabit
461 2926 514 2978 ant
550 2919 747 2978 temeritatem
780 2919 877 2978 delati
909 2919 987 2979 mibi
1026 2920 1087 2980 eins

83 3002 271 3082 cognominis
287 3009 341 3062 ant
357 3003 595 3063 inconstantiam
609 3002 760 3062 contrarii
775 3002 813 3062 de
826 3020 873 3061 me
887 3001 1006 3063 indicii.

36 3090 74 3148 68
146 3086 280 3165 Corpore
300 3087 352 3145 fuit
375 3087 471 3164 amplo
495 3095 579 3163 atque
600 3085 737 3162 robusto,
760 3095 867 3146 statura
889 3104 965 3164 quae
987 3084 1107 3193 iustamg'

84 3172 256 3240 excederem
273 3171 347 3231 latus
363 3171 397 3230 ab
410 3170 535 3229 humeris
552 3178 580 3228 et
597 3178 728 3247 pectore,
745 3172 850 3229 ceteris
867 3187 986 3248 quoque
1002 3190 1085 3232 mem·
1093 3207 1121 3271 f,

83 3256 142 3315 bris
167 3274 258 3333 usque
283 3255 318 3315 ad
342 3256 413 3314 imos
445 3254 536 3331 pedes
557 3254 684 3331 aequalis
711 3263 739 3312 et
763 3272 942 3331 congruens;
973 3256 1085 3316 sinistra
1115 3289 1121 3326 ρ

83 3358 165 3399 manu
190 3340 312 3415 agiliore
336 3358 369 3398 aa
384 3339 539 3413 validiore,
563 3338 690 3397 articulis
707 3339 745 3397 ita
761 3340 864 3414 firmis,
886 3348 915 3397 ut
935 3349 1087 3400 recenset
1112 3355 1121 3412 j,

83 3423 225 3499 integrum
252 3425 354 3482 malum
381 3423 470 3499 digito
498 3421 673 3497 terebraret,
708 3432 794 3500 caput
819 3424 901 3500 pueri
929 3422 978 3481 vel
1004 3428 1086 3485 etiam
1109 3437 1121 3497 p

83 3504 276 3566 adulescentis
292 3508 387 3569 talitro
403 3507 579 3566 vulneraret.
611 3504 719 3565 Colore
739 3516 800 3566 erat
816 3506 955 3585 candido,
980 3510 1084 3587 capillo
1108 3538 1121 3599 q,
