2256 3930
265 225 546 275 nueunmuouuu
566 225 747 274 urunonuu
767 227 968 287 nnnromnu.
1056 213 1114 276 201

112 385 245 447 lromines
274 391 359 442 eruta
387 381 504 441 feritate
533 382 675 441 rationem
698 383 777 442 vitae
808 382 917 442 habere
949 384 1119 460 coepissent

112 489 205 550 seque
220 487 254 528 ac
270 467 343 527 deos
358 484 428 526 suos
444 482 550 541 nosse,
568 464 673 523 cultum
684 465 827 525 modicum
842 485 877 526 ac
889 483 1053 525 sermonem
1068 485 1117 525 ne-

66 585 77 623 ι
111 555 271 616 cessarium
295 552 448 611 commenti
470 549 542 624 sibi,
564 551 713 626 utriusque
735 551 976 627 magnificentiam
999 549 1035 609 ad
1049 549 1117 610 reli·

108 642 229 716 gionem
244 635 365 696 deorum
379 652 496 694 suorum
513 635 765 708 excogitaverunt.
789 633 881 709 Igitur
892 642 921 693 ut
933 634 1041 712 templa
1058 633 1117 694 illis

108 721 245 783 domibus
270 719 437 798 pulchriora
459 726 488 776 et
502 716 655 775 simulacra
674 717 848 795 corporibus
870 717 1011 795 ampliora
1025 717 1115 777 lacie-

107 807 196 883 baut,
220 806 261 865 ita
282 804 399 882 eloquio
421 802 507 860 etiam
529 802 611 878 quasi
637 804 806 876 augustiore
826 801 1015 861 honorandos
1034 811 1115 878 puta-

106 898 215 951 verunt
237 887 396 964 laudesque
419 902 517 944 eorum
534 893 562 943 et
577 882 675 943 verbis
696 884 902 944 illustrioribus
923 893 952 944 et
967 884 1115 944 iucundio-

66 976 68 1019 ῑ
106 975 190 1035 ribus
206 973 332 1032 numeris
349 968 522 1030 extulerunt.
553 965 585 1026 ld
606 986 699 1044 genus
721 971 786 1046 quia
801 970 893 1028 lorma
916 969 1037 1046 quadam
1054 969 1115 1028 eili-

108 1060 203 1134 citur,
230 1073 305 1135 quae
327 1044 462 1131 ποιότης
484 1052 606 1126 dicitur,
629 1069 732 1129 poema
754 1055 911 1113 vocitatum
934 1061 978 1111 est
994 1055 1115 1132 eiusque

66 1154 94 1205 Ιο
107 1143 232 1203 lictores
248 1147 364 1219 poetae.
393 1134 538 1198 isidorus
553 1135 671 1214 emanet.
688 1144 715 1213 8,
733 1147 759 1197 7.

178 1225 218 1275 De
230 1225 294 1290 ipsis
306 1222 388 1289 poetis
401 1221 468 1286 apud
481 1220 661 1284 Hieronymum
673 1230 810 1286 supersunt
825 1219 901 1270 baec:

174 1291 209 1352 T.
222 1292 318 1352 Livius
333 1290 547 1366 tragoediarum
560 1290 685 1366 scriptor
698 1289 792 1348 clarus
808 1288 945 1365 habetur,
962 1290 1009 1366 qui
1023 1287 1060 1348 ob
1072 1289 1114 1347 in·

104 1379 190 1456 genii
209 1377 340 1435 meritum
360 1373 467 1432 aLivio
484 1373 666 1448 Salinatore,
683 1374 763 1432 cuius
778 1373 889 1432 liberos
906 1371 1065 1449 erudiebat,
1080 1372 1114 1432 li·

106 1463 225 1522 bertate
241 1458 362 1519 donatus
379 1465 423 1515 est
438 1473 468 1515 u.
486 1465 555 1516 557.
572 1463 640 1516 508.

66 1555 96 1599 ιι
173 1543 303 1604 Naevius
325 1542 454 1599 comicus
478 1539 582 1600 Uticae
602 1540 738 1615 moritur,
765 1540 865 1619 pulsus
880 1540 970 1600 Roma
986 1540 1114 1600 factione

105 1627 249 1689 nobilium
263 1643 299 1686 ac
315 1624 474 1703 praecipue
488 1622 672 1683 Metellorum
688 1641 717 1681 c.
734 1632 905 1684 551-553.

174 1711 291 1771 Plautus
308 1726 345 1767 en
360 1707 478 1768 Umbria
500 1708 632 1765 Sarsiuas
647 1707 759 1766 Romae
774 1709 906 1776 moritum
925 1709 973 1785 qui
989 1715 1113 1786 propter

106 1811 242 1855 annonae
266 1791 464 1851 difficultatem
489 1789 525 1849 ad
550 1789 641 1850 molas
668 1792 828 1850 manuarias
854 1793 956 1870 pistori
978 1811 1010 1851 se
1032 1791 1111 1850 ioca-

104 1887 209 1952 verat,
235 1875 274 1935 ibi
298 1877 432 1954 quotiens
453 1873 489 1933 ab
505 1892 595 1952 opere
618 1883 751 1951 vacaret,
784 1875 915 1934 scribere
941 1874 1054 1934 fabulas
1078 1892 1113 1934 ac

66 1962 241 2026 revendere
257 1959 360 2019 solitus
376 1975 406 2017 c.
424 1966 492 2018 553.
507 1967 576 2016 554.

174 2043 210 2118 Q.
223 2043 332 2121 Ennius
347 2050 434 2120 poeta
446 2040 562 2100 Tarenti
578 2045 718 2111 nascitur;
737 2046 783 2120 qui
796 2062 812 2102 a
826 2041 936 2101 Catone
954 2048 1110 2118 quaestore

104 2132 230 2192 Romam
243 2126 398 2186 translatus
413 2124 552 2184 habitavit
565 2126 594 2183 in
608 2133 705 2185 monte
717 2127 881 2201 Aventino,
899 2142 988 2203 parco
1008 2123 1110 2183 admo-

106 2214 176 2273 dum
197 2219 310 2287 sumptu
331 2217 482 2269 contentus
501 2217 530 2267 et
546 2211 629 2268 unius
644 2210 767 2270 ancillae
786 2210 944 2268 ministerio
966 2225 996 2267 u.
1013 2216 1113 2268 513-

106 2304 169 2358 515
181 2336 190 2352 .
202 2337 209 2352 .
222 2339 229 2352 .
242 2293 351 2353 Ennius
364 2300 451 2370 poeta
460 2295 643 2370 septuaginta
656 2295 746 2352 maior
759 2294 839 2352 anuis
852 2291 997 2351 articulari
1008 2291 1111 2352 morbo

66 2394 95 2449 cs
107 2380 203 2460 perit,
224 2376 355 2456 sepultus
375 2377 402 2433 in
421 2375 566 2453 Scipionis
588 2384 769 2436 monumento
790 2378 837 2435 via
852 2376 950 2454 Appia
964 2377 1038 2436 intra
1053 2378 1110 2454 pri-

104 2479 184 2522 mum
196 2460 231 2520 ab
243 2459 314 2520 urbe
325 2459 485 2518 miliarium.
513 2460 633 2532 Quidam
649 2478 716 2519 ossa
728 2463 790 2519 eius
800 2460 921 2520 Rudiam
932 2479 970 2520 ex
981 2459 1110 2520 laniculo

104 2543 246 2607 translata
259 2543 401 2603 affirmant
417 2560 446 2602 a.
463 2551 632 2602 580-589.

173 2627 280 2687 Statius
310 2626 457 2688 Caecilius
487 2626 699 2687 comoediarum
723 2629 850 2707 scriptor
867 2629 961 2689 clarus
977 2627 1110 2706 habetur,

105 2714 226 2772 natione
243 2706 369 2770 Insuber
385 2710 483 2770 Gallus
506 2719 536 2768 et
549 2709 633 2769 Ennii
649 2714 769 2790 primum
786 2713 1013 2772 contubernalis.
1042 2712 1109 2785 Qui·

66 2796 176 2881 pedam
196 2793 443 2855 Mediolanensem
466 2795 571 2852 lerunt.
601 2794 731 2854 llortuus
754 2805 798 2854 est
816 2815 890 2856 anno
906 2804 1110 2875 postmortem

103 2879 193 2941 Ennii
210 2887 238 2938 et
252 2880 329 2938 iuxta
343 2877 499 2937 Ianiculum
514 2878 644 2957 sepultus
659 2897 689 2939 u.
706 2888 774 2940 575.

170 2962 312 3022 Pacuvius
340 2961 536 3020 Brundusinus
558 2964 771 3040 tragoediarum
794 2964 920 3042 scriptor
949 2963 1045 3022 clarus
1060 2962 1109 3023 ba·

103 3047 208 3121 betur,
232 3044 315 3104 Ennii
337 3055 444 3123 poetae
466 3063 503 3104 ex
528 3045 585 3105 filia
608 3064 715 3124 nepos,
737 3047 867 3123 vixitque
884 3046 995 3106 Romae
1013 3046 1109 3125 quoad

104 3132 248 3210 picturam
271 3130 404 3188 exercuit
425 3148 459 3189 ac
481 3129 595 3189 iabulas
616 3131 788 3204 venditavit,
821 3130 926 3190 deinde
954 3129 1109 3190 Tarentum

66 3224 310 3297 pnansgressus
326 3230 421 3291 prope
437 3215 648 3290 nonagenarius
664 3215 739 3273 diem
755 3212 825 3272 obiit
841 3231 871 3274 a.
888 3223 955 3276 000.
974 3222 1041 3275 601.

171 3296 202 3357 Ρ.
221 3296 375 3356 Terentius
396 3296 649 3374 Karthaginiensis
671 3296 884 3357 comoediarum
899 3300 1042 3378 scriptor,
1070 3297 1109 3358 ob

104 3383 251 3458 ingenium
270 3389 300 3439 et
312 3380 442 3445 ,formam
460 3380 595 3441 libertate
618 3381 755 3457 donatus,
778 3382 807 3440 in
822 3382 949 3442 Arcadia
973 3384 1108 3451 moritur:

105 3465 154 3541 qui
171 3465 290 3542 primam
302 3463 440 3524 Andriam
471 3473 623 3545 antequam
642 3465 784 3526 aedilibus
800 3466 957 3609 vcndqrpq,
977 3465 1089 3528 Caecili
