2286 3944
376 118 742 166 nuvusvnseusrunus.
1002 107 1063 167 229

59 286 155 338 trenm
169 274 362 335 obtestatione
378 272 517 332 ultionem
533 273 692 334 mandantis
708 281 737 331 et
752 281 782 331 ut
796 273 840 332 rei
852 291 881 352 p.
895 273 1064 335 subveniret

61 360 209 440 optantis;
231 357 314 417 simul
329 374 427 417 rumor
442 356 613 436 dissipatus,
633 357 796 416 destinasse
813 359 954 417 victorem
970 359 1062 418 Vitel-

60 444 130 505 lium
145 451 309 522 permutare
330 440 450 500 hiberna
472 441 619 518 legionum
643 451 671 500 et
693 441 879 501 Germanicas
903 443 1063 503 transferre

61 529 91 588 in
102 527 251 588 Orientem
264 525 299 585 ad
312 527 491 585 securiorem
506 525 727 604 mollioremque
739 525 876 585 militiam.
906 526 1063 588 Praeterea

36 626 101 673 sex
117 609 300 691 praesidibus
314 610 530 688 provinciarum
547 608 672 669 Licinius
686 610 835 669 Mucianus
859 619 887 668 et
910 628 926 668 e
942 611 1062 687 regibus

61 693 399 773 VologaesnsParthus,
416 693 465 752 ille
483 692 616 771 deposita
636 694 790 767 simultate,
809 710 894 770 quam
906 695 934 751 in
949 695 978 753 id
990 705 1061 754 tem-

61 798 117 861 pus
131 797 170 839 ex
185 778 377 838 aemulatione
392 794 450 836 non
467 777 591 837 obscure
613 777 745 854 gerebat,
762 777 912 850 Syriacum
930 780 1063 855 promisit

61 864 240 939 exercitum,
262 861 310 920 bic
336 860 526 939 quadraginta
547 862 625 921 milia
648 861 874 938 sagittariorum.
918 862 1091 962 Suscepto?

61 949 151 1026 igitur
164 909 244 1006 civili
259 945 339 1004 bello
355 963 390 1005 ac
408 943 527 1004 ducibus
547 947 699 1023 copiisque
714 945 742 1002 iu
758 944 869 1004 ltaliam
882 947 1061 1024 praemissis,

29 1033 176 1092 tointerim
193 1029 399 1089 Alexandriam
414 1030 542 1106 transiit,
560 1039 588 1088 ut
603 1029 728 1089 claustra
748 1028 878 1107 Aegypti
905 1031 1060 1108 optineret.

61 1116 117 1177 llic
135 1133 200 1174 cum
217 1114 253 1173 de
272 1115 404 1173 firmitate
418 1113 531 1191 imperii
545 1123 680 1190 capturus
693 1114 851 1191 auspicium
863 1113 965 1174 aedem
977 1114 1061 1175 Sera·

63 1200 140 1279 pidis
155 1199 303 1258 summotis
320 1197 452 1256 omuibus
467 1197 548 1257 solus
563 1199 708 1273 intrasset,
726 1215 762 1256 ac
776 1199 932 1276 propitiato
945 1199 1062 1258 multum

63 1285 121 1344 deo
139 1283 255 1342 tandem
270 1300 302 1341 se
320 1284 531 1357 convertisset,
554 1281 699 1340 verbenas
722 1299 907 1360 coronasque
931 1292 960 1342 et
982 1285 1060 1365 pani-

63 1369 149 1445 licia,
172 1375 202 1426 ut
222 1365 282 1424 illic
305 1365 431 1441 assolet,
458 1365 600 1424 Basilides
622 1364 742 1424 libertus
765 1365 906 1425 obtulisse
930 1368 958 1426 ei
982 1369 1063 1427 uisus

29 1465 53 1506 ιι
64 1461 125 1521 est;
143 1469 228 1529 quem
243 1468 337 1527 neque
354 1449 508 1509 admissum
520 1469 536 1509 a
551 1466 695 1528 quoquam
707 1458 735 1508 et
747 1451 802 1509 iam
816 1450 927 1529 pridem
940 1461 1062 1531 propter

62 1553 219 1596 nervorum
235 1533 460 1593 valitudinem
432 1553 481 1592 ιιι
496 1533 609 1610 ingredi
621 1534 767 1612 longeque
781 1533 886 1594 abesse
899 1536 1061 1596 constabat.

62 1619 109 1681 Ac
132 1620 240 1678 statim
248 1617 394 1678 advenere
416 1617 545 1694 litterae,
571 1617 649 1677 fusas
674 1617 749 1696 apud
773 1616 945 1679 Cremonam
960 1619 1062 1680 Vitelli

64 1704 179 1782 copias,
195 1703 289 1780 ipsum
304 1702 332 1759 in
348 1700 420 1760 urbe
439 1704 639 1801 interemptum
654 1704 825 1761 nuntiantes
1070 1710 1093 1731 ’··

125 1786 294 1846 Auctoritas
320 1793 350 1844 et
374 1787 456 1863 quasi
475 1786 611 1845 maiestas
634 1785 775 1865 quaedam
791 1796 820 1845 ut
835 1787 978 1847 scilicet
969 1789 1061 1866 mopi-

28 1891 54 1931 ao
65 1880 134 1931 nato
152 1879 182 1930 ct
197 1869 289 1929 adhuc
309 1886 386 1928 novo
406 1871 530 1948 principi
554 1869 668 1937 deerat3
690 1868 763 1929 haec
786 1888 902 1949 quoque
925 1873 1060 1930 accessit.

64 1955 89 2016 E
106 1953 193 2033 plebe
208 1953 322 2031 quidam
337 1953 488 2012 luminibus
506 1952 635 2030 orbatus,
653 1954 721 2012 item
734 1953 808 2012 alius
820 1953 907 2013 debili
920 1972 1004 2013 crure
1016 1973 1061 2014 se-

64 2040 181 2100 dentem
194 2054 249 2115 pro
266 2036 399 2096 tribunali
417 2040 526 2116 pariter
542 2037 687 2113 adierunt,
711 2047 828 2097 orantes
851 2055 938 2115 opem
959 2039 1060 2099 valitu-

64 2124 123 2184 dini
138 2122 388 2183 demonetratama
406 2121 547 2199 Serapide
564 2140 617 2200 per
629 2123 769 2200 quietem:
784 2122 979 2181 restituturum
992 2141 1060 2182 ocu-

63 2208 128 2283 los,
145 2207 169 2266 si
184 2207 354 2285 inspuisset;
378 2206 608 2265 confirmaturum
635 2223 718 2281 crus,
742 2207 766 2263 si
789 2207 955 2283 dignaretur
979 2207 1061 2267 calce

28 2313 54 2354 ts
66 2291 248 2365 contingere.
292 2288 363 2349 Cum
386 2291 437 2348 vix
458 2289 529 2349 fides
551 2298 632 2348 esset
651 2289 816 2350 ullomodo
832 2309 894 2349 rem
909 2309 1060 2352 successu·

63 2393 136 2452 rarn,
151 2373 276 2452 ideoque
292 2391 329 2432 ne
345 2375 472 2451 experiri
489 2373 602 2452 quidem
618 2372 754 2451 auderet,
773 2384 904 2435 extremo
922 2376 1060 2439 hortanti-

64 2460 120 2519 bus
135 2458 234 2518 amicis
248 2457 342 2536 palam
355 2475 408 2536 pro
422 2459 559 2517 contione
570 2467 720 2536 utrumque
731 2461 891 2538 temptavit,
907 2480 961 2521 nec
975 2479 1061 2522 even·

63 2553 112 2603 tus
130 2541 230 2601 deluit.
259 2541 316 2601 Per
329 2540 404 2601 idem
419 2551 532 2618 tempus
547 2542 665 2620 Tegeae
681 2544 709 2601 in
726 2544 852 2604 Arcadia
866 2545 1001 2604 instinctu
1012 2564 1060 2604 va·

64 2627 240 2687 ticinantium
256 2626 364 2685 effossa
381 2634 445 2684 sunt
462 2634 576 2686 sacrato
593 2628 661 2686 loco
678 2646 747 2687 vasa
763 2630 862 2706 operis
877 2629 1001 2707 antiqui,
1021 2639 1061 2688 at«

30 2726 125 2789 toque
140 2711 168 2768 in
179 2710 215 2769 iis
231 2710 365 2769 assimilis
381 2711 565 2788 Vespasiano
582 2714 689 2788 imago.

129 2792 209 2854 'l'alis
223 2803 358 2872 tantaque
375 2812 437 2853 cum
454 2795 528 2853 lama
544 2796 572 2853 in
584 2796 684 2855 urbem
697 2813 852 2871 reversus,
878 2805 943 2855 acto
965 2795 1001 2855 de
1016 2796 1090 2867 lus

65 2878 146 2938 dacis
168 2878 324 2957 triumpho,
348 2878 514 2938 consulatus
536 2888 604 2938 octo
629 2882 721 2938 veteri
742 2878 860 2947 addidit;
882 2882 1012 2958 suscepit
1033 2889 1061 2941 et

66 2976 228 3039 censuram,
246 2980 282 3022 ac
298 2980 351 3041 per
367 2971 456 3022 totum
470 2963 582 3040 imperii
598 2973 711 3040 tempus
727 2963 796 3022 nihil
808 2962 906 3023 habuit
918 2966 1060 3042 antiquius

65 3064 151 3126 ᾳιιιιιι
174 3064 268 3125 prope
291 3046 426 3106 afflictam
446 3055 648 3125 nutantemque
664 3065 726 3105 rem
746 3066 774 3124 p.
796 3046 925 3107 stabilire
957 3051 1060 3127 primo,

30 3151 56 3192 as
67 3129 172 3190 deinde
187 3139 216 3189 et
230 3147 345 3190 ornare.

129 3213 236 3274 Milites
251 3232 319 3292 pars
334 3214 476 3274 victoriae
494 3214 607 3290 inducia,
625 3232 692 3292 pars
709 3215 884 3292 ignominiae
906 3217 1008 3278 dolore
1025 3219 1061 3280 ad

66 3314 180 3357 omnem
193 3297 337 3358 licentiam
354 3298 559 3378 audaciamque
573 3308 795 3378 processerant;
819 3300 871 3360 sed
896 3312 925 3362 et
945 3307 1061 3381 provin·

67 3383 131 3442 ciae
147 3382 337 3464 civitatesque
350 3382 478 3460 liberae,
493 3402 548 3442 nec
563 3401 621 3442 non
643 3392 671 3442 et
692 3403 783 3462 regna
804 3386 943 3465 quaedam
961 3388 1047 3448 ιιιιιι·11
