2256 3930
110 241 169 303 112
191 253 221 302 c.
237 251 389 302 suanoru
407 250 535 311 nnana.
552 251 600 298 nn
615 251 698 298 vrrs
712 249 898 299 causarum
912 250 987 300 mu.
1003 251 1060 301 111,

108 410 157 469 tim
173 427 206 468 se
222 408 297 468 domi
309 406 532 466 vulneraverunt
545 408 617 466 certi
628 405 816 466 damnationis
832 414 862 466 et
875 404 912 466 ad
926 406 1115 465 vexationem

107 493 349 570 ignominiamque
358 489 512 567 vitandam,
522 491 624 568 partim
638 491 667 549 in
680 488 775 550 media
791 490 869 550 curia
885 507 1034 550 uenenum
1049 487 1114 548 han·

108 584 220 645 serunt;
243 584 272 634 et
293 584 387 634 tamen
409 574 562 651 conligatis
585 572 752 634 vulneribus
767 590 802 633 ac
818 574 1005 634 semianimes
1022 572 1114 652 palpi-

107 668 259 739 tantesque
280 657 373 719 adhuc
392 659 421 716 in
439 676 587 718 carcerem
607 659 691 736 rapti.
720 656 813 717 Nemo
828 658 996 736 punitorum
1011 657 1115 716 nonin

108 743 262 805 Gemonias
283 742 414 802 abiectus
434 758 569 819 uncoque
590 750 716 818 tractus,
740 742 842 818 viginti
864 758 921 800 uno
940 740 991 801 die
1007 739 1114 801 abiecti

108 828 265 905 tractique,
291 827 365 886 inter
392 843 446 885 eos
470 825 593 886 feminae
617 834 646 885 et
668 827 759 904 pueri.
790 825 961 886 Immaturae
984 823 1113 904 puellae,

109 914 174 991 quia
195 928 276 970 more
301 909 404 969 tradito
426 909 509 968 nefas
531 917 611 970 esset
631 910 761 986 virgines
781 909 976 986 strangulari,
998 909 1113 969 vitiatae

108 997 188 1075 prius
204 1013 220 1054 a
236 994 388 1070 carnifice,
409 993 475 1053 dein
490 993 697 1070 strangulatae.
734 992 809 1054 blori
823 992 993 1053 volentibus
1007 993 1055 1053 vis
1068 990 1111 1052 ad·

107 1079 197 1139 hibita
222 1077 348 1137 vivendi.
379 1076 452 1138 Nam
471 1086 592 1136 mortem
608 1076 682 1136 adeo
702 1077 769 1137 leve
790 1077 966 1157 supplicium
982 1075 1110 1156 putabat,

107 1172 137 1222 ut
161 1181 224 1222 cnm
242 1160 369 1221 audisset
383 1179 468 1220 uuum
482 1179 498 1220 e
512 1162 587 1237 reis,
612 1159 765 1221 Carnulum
780 1162 911 1239 uomina,
934 1162 1124 1239 anticipasses

108 1265 187 1323 eam,
207 1245 430 1304 exclamaverit:
462 1243 619 1305 Carsulas
637 1262 684 1304 me
707 1245 814 1306 cocss‘t.
853 1245 891 1304 Et
910 1246 939 1303 in
966 1261 1108 1322 recogno·

108 1329 223 1391 scandis
252 1326 390 1387 custodiis
416 1330 546 1406 precanti
573 1328 683 1388 cuidam
708 1347 821 1409 poenae
843 1329 1040 1389 maturitatem
1068 1344 1109 1386 ro·

107 1412 242 1492 spondit:
261 1410 403 1472 Nondum
424 1418 521 1471 tecum
540 1412 573 1472 in
590 1413 728 1491 pralium
744 1412 834 1474 redii.
867 1411 1033 1472 Annalibus
1054 1409 1110 1470 suis

106 1499 151 1556 vir
174 1494 335 1555 consularis
355 1496 488 1571 inseruit,
511 1496 656 1574 frequenti
677 1496 820 1574 quondam
842 1497 1000 1572 convivio,
1026 1497 1072 1555 cui
1085 1501 1110 1554 et

106 1581 172 1658 ipse
186 1578 314 1655 affuerit,
336 1580 543 1656 interrogatum
557 1598 620 1639 eum
635 1580 729 1641 subito
746 1590 776 1641 et
789 1581 868 1641 clare
884 1598 901 1640 a
917 1579 1046 1658 quodam
1062 1596 1106 1638 ua·

107 1681 144 1723 no
171 1671 282 1722 astante
305 1680 423 1722 mensae
446 1665 520 1722 inter
541 1681 682 1742 copreas,
709 1684 760 1726 cur
782 1663 925 1725 Paconius
950 1663 1107 1724 maiestatis

106 1765 174 1806 reus
194 1755 251 1806 tam
272 1744 318 1805 diu
334 1748 460 1823 viveret,
484 1749 578 1807 statim
594 1748 708 1826 quidem
725 1748 910 1827 petulantiam
924 1747 1046 1825 liuguae
1063 1745 1107 1805 ob·

106 1832 255 1907 iurgasse,
282 1839 408 1889 ceterum
430 1839 496 1909 post
519 1849 629 1908 paucos
644 1832 707 1891 dies
723 1833 878 1910 scripsisse
894 1832 1007 1891 senatui
1024 1839 1057 1890 ut
1078 1829 1107 1890 dc

108 1931 203 1993 poena
220 1912 328 1973 Paconi
345 1932 429 1991 quam
445 1916 565 1992 primum
580 1924 728 1976 statueret.

64 2004 99 2059 62
170 1997 258 2056 Auxit
273 1997 449 2076 intenditque
461 2001 623 2077 saevitiam,
640 1999 832 2060 exacerbatus
846 1998 953 2058 indicio
968 1997 1004 2058 de
1018 2006 1108 2057 morte

107 2081 156 2141 filii
179 2082 222 2140 sui
243 2080 339 2140 Drusi.
377 2082 469 2156 Quem
492 2101 555 2142 cum
576 2083 679 2142 morbo
702 2091 731 2143 et
752 2083 975 2162 intemperantia
996 2083 1109 2160 perisse

107 2168 301 2241 existimaret,
324 2174 353 2224 ut
375 2165 488 2226 tandem
508 2184 621 2226 veneno
644 2169 844 2245 interemptum
864 2164 966 2225 fraude
987 2164 1109 2225 Liuillae

106 2250 206 2307 uxoris
222 2257 308 2326 atque
323 2250 420 2309 Seiani
438 2252 590 2328 cognovit,
612 2269 706 2329 neque
720 2251 870 2310 tormentis
885 2267 981 2328 neque
998 2249 1108 2328 suppli·

108 2334 154 2391 cio
175 2333 340 2409 cuiusquam
361 2335 510 2411 pepercit,
533 2335 588 2393 soli
613 2334 680 2394 huic
695 2335 854 2412 cognitioni
869 2332 943 2393 adeo
960 2351 1017 2411 per
1032 2342 1108 2393 totos

107 2414 168 2474 dies
183 2414 293 2473 deditus
313 2425 341 2473 et
362 2417 502 2494 intentus,
525 2427 554 2476 ut
567 2418 763 2478 Rhodiensem
778 2417 941 2496 hospitem,
966 2434 1056 2495 quem
1071 2417 1122 2477 ia·

106 2497 262 2557 miliaribus
274 2498 377 2559 litteris
393 2501 512 2560 Romam
528 2512 681 2578 evocarat,
702 2502 856 2561 advenisse
870 2499 925 2560 sibi
939 2503 1108 2576 nuntiatum,

106 2583 236 2660 torqueri
252 2583 313 2640 sine
325 2600 405 2642 mora
420 2587 545 2661 iusserit,
562 2588 642 2664 quasi
659 2586 763 2664 aliquis
779 2603 816 2645 ex
830 2585 1008 2644 necessariis
1023 2603 1107 2663 quae·

107 2667 194 2726 stioni
211 2665 338 2743 adesset,
355 2666 457 2726 deinde
473 2687 574 2728 errore
591 2669 723 2746 detecto,
745 2679 774 2729 et
788 2668 898 2744 occidi,
920 2685 957 2726 ne
974 2668 1110 2746 vulgaret

107 2751 246 2810 iniuriam.
278 2749 468 2810 Carnificinae
494 2753 555 2811 eius
578 2753 736 2812 ostenditur
758 2753 840 2813 locus
865 2750 1005 2830 Capreis,
1035 2751 1109 2812 unde

108 2835 256 2895 damnatos
267 2843 335 2911 post
350 2834 437 2911 longa
454 2845 483 2894 et
495 2838 636 2914 exquisita
651 2846 792 2896 tormenta
808 2836 997 2915 praecipitari
1011 2852 1124 2896 coram*

108 2938 140 2979 se
161 2922 188 2976 in
204 2937 281 2977 mare
297 2917 430 2995 iubebat,
451 2922 615 2998 excipiente
633 2921 848 2981 classiariorum
863 2937 947 2979 mauu
965 2927 995 2979 et
1015 2921 1109 2979 contis

107 3013 192 3081 atque
210 3004 296 3061 remis
319 3002 444 3063 elidente
468 3003 623 3082 cadavera,
646 3024 683 3064 ne
704 3006 749 3064 cui
770 3004 878 3064 residui
894 3003 1014 3081 spiritus
1031 3004 1109 3084 quic·

108 3106 192 3167 quam
215 3089 334 3146 inesset.
368 3086 596 3165 Excogitaverat
618 3098 711 3148 autem
733 3089 808 3148 iuter
830 3105 940 3166 genera
964 3090 1110 3148 cruciatus

108 3172 206 3248 etiam,
225 3180 254 3229 ut
271 3172 353 3247 larga
369 3173 440 3230 meri
459 3174 577 3249 potione
590 3190 643 3248 per
654 3173 798 3233 fallaciam
812 3180 964 3248 oneratos,
983 3181 1109 3250 repente

107 3257 231 3315 ueretris
245 3255 395 3332 deligatis,
421 3255 597 3314 fidicularum
615 3257 698 3315 simul
712 3258 868 3335 urinaeque
886 3265 1032 3316 tormento
1053 3256 1121 3315 dis·

106 3340 248 3398 tenderet.
279 3339 432 3414 Quodnisi
451 3359 514 3398 eum
533 3349 561 3397 et
578 3358 655 3399 mors
669 3343 868 3418 praevenisset
891 3349 919 3398 et
936 3338 1110 3415 Thrasyllus

109 3424 253 3500 consulto,
272 3433 301 3481 ut
320 3425 403 3500 aiunt,
418 3424 535 3483 differre
551 3424 691 3501 quaedam
708 3444 761 3503 spe
779 3425 921 3501 longioris
938 3423 1016 3483 vitae
1031 3442 1108 3484 com·

108 3506 248 3585 pulisset,
270 3507 369 3586 plures
391 3508 535 3586 aliquanto
559 3517 712 3568 necaturus
734 3528 768 3568 ac
791 3526 827 3566 ne
849 3507 968 3585 reliquis
993 3508 1109 3587 quidem
