2256 3930
123 220 208 267 xxvt
467 218 672 266 PRAEFATIO.

61 387 112 448 111.
192 378 362 434 ltililcillima
379 395 424 432 res
441 383 485 433 est
501 378 536 433 de
550 378 726 434 Vaticano
748 377 847 434 codice
862 378 1001 449 quodam,
1018 396 1033 434 e

61 439 116 490 '⁹⁸¹¹'
125 477 181 532 nuo
192 477 295 531 paucus
311 461 447 517 lectiones
465 478 480 516 a
493 461 587 532 Lipsio
600 461 735 517 collectas
747 461 910 518 Pulmannus
927 479 953 518 11.
965 467 1033 522 1571

125 544 223 601 edidit.
267 544 398 600 Eiusdem
418 544 484 600 libri
500 545 608 616 Lipsius
633 543 736 615 ipsein
752 544 882 616 Antiquis
897 545 1032 602 lectioni-

124 628 176 685 bus
192 635 219 684 ct
234 628 262 684 in
274 628 379 683 Electis
392 628 557 684 mentionem
569 627 645 697 lecit,
661 633 774 698 tresque
790 628 928 686 lectiones
941 629 1031 685 1111-

124 728 222 768 manno
247 728 301 769 non
325 711 432 783 positus
454 711 616 766 Torrentius
637 706 807 782 protulit¹⁶).
851 711 950 766 Fertur
970 713 1030 768 siue

125 795 304 851 distinctione
320 794 438 866 cupitum
453 795 574 865 scriptus
590 810 671 863 csse,
692 811 752 849 cum
772 794 846 850 notis
863 787 909 868 (1)
928 802 957 850 11
972 801 1029 851 tres

123 877 233 950 priores
251 883 351 934 tantum
368 878 473 947 libros,
495 877 592 932 Divum
606 876 703 931 lulium
719 878 816 934 Divum
831 877 990 948 Augustum
1005 883 1030 934 et

123 961 279 1031 Tiberium,
306 961 496 1029 continuisse,
521 961 624 1016 amisso
645 965 675 1013 ut
698 960 809 1016 videtur
830 961 919 1016 altero
942 968 1029 1019 tomo.

124 1042 290 1116 Quamquam
305 1044 432 1115 Lipsiana
448 1049 581 1115 excerpta
597 1049 651 1098 tarn
667 1038 843 1114 negligenter
865 1045 939 1100 lacta
957 1051 1029 1112 suut,

122 1224 147 1259 a.
167 1210 237 1258 1460
257 1206 429 1271 transcripsit,
449 1214 538 1271 postea
556 1209 575 1256 I.
592 1205 660 1271 ring.
679 1205 838 1270 demandas,
854 1214 909 1256 tum
924 1207 960 1256 lo.
976 1207 1030 1258 blm

122 1277 264 1336 messenius,
281 1289 347 1325 nunc
363 1275 478 1324 Parisino
494 1271 643 1324 bibliotheca
658 1289 699 1324 no.
715 1275 784 1326 5806
804 1275 933 1340 possidet,
951 1277 1029 1326 colla·

122 1346 215 1395 tionem
235 1344 399 1394 casaubonus
422 1357 445 1391 1.
474 1343 538 1392 1505
562 1341 677 1392 Genevee
700 1343 808 1393 instituit
832 1343 949 1407 miroque
975 1345 1029 1394 eius

122 1426 206 1462 amore
217 1419 304 1476 captus
320 1425 456 1475 supparem
470 1411 553 1460 dicere
563 1425 641 1460 ausus
657 1420 695 1460 est
711 1411 869 1461 Memmiano.
903 1411 955 1462 Sed
970 1427 1029 1463 con-

88 1538 89 1542 ,
123 1479 191 1532 venit
206 1479 228 1527 ei
246 1479 355 1528 omnium
369 1479 479 1527 maxime
493 1493 550 1527 cum
561 1477 731 1529 Palatinarum
746 1480 843 1546 primo;
862 1494 920 1530 nem
935 1496 965 1546 p.
976 1479 1029 1542 8,8

123 1549 204 1598 Iulius
222 1548 319 1598 Caesar
333 1549 412 1598 Divus
428 1563 515 1596 annum
532 1562 625 1611 operm
639 1563 664 1612 p.
683 1547 787 1607 151,·ttt
802 1551 901 1612 cupreis
911 1549 965 1598 XI.
978 1559 1029 1600 tro·

121 1617 208 1682 ptera-
223 1632 249 1681 p.
269 1615 333 1670 261,
347 1614 381 1666 36
397 1624 637 1676 perscorensem
653 1632 679 1681 p.
695 1617 754 1677 234,
771 1615 804 1667 32
820 1632 834 1666 e
849 1617 971 1668 Caesaris
985 1621 1027 1668 mi·

121 1689 221 1745 cistris,
245 1684 272 1734 bi
292 1685 339 1735 soli
361 1684 459 1735 codices
479 1685 599 1749 scriptum
620 1683 771 1737 habuerunt.
811 1685 926 1736 Eundem
943 1695 1029 1737 tamen

122 1754 263 1804 Palatinum
273 1753 393 1802 Gruterus
404 1767 503 1816 quoque
517 1752 619 1817 plurimi
633 1752 692 1802 iecit
706 1760 730 1802 et
740 1753 877 1804 nominavit
891 1755 1028 1819 aliquando

124 1822 215 1872 librum
237 1821 376 1886 simplicem
399 1828 423 1869 et
446 1821 611 1872 innocentem.
656 1821 713 1870 Fuit
730 1827 814 1872 tamen
831 1823 959 1873 secundus
983 1824 1028 1872 eli·

124 1897 217 1954 quanto
246 1889 375 1939 sincerior.
416 1888 515 1937 Tertius
543 1888 575 1937 ud
603 1889 715 1938 codicem
738 1890 847 1954 aliquem
877 1893 1028 1958 propaginis

122 1958 202 2007 Paris.
222 1957 298 2008 6116.
330 1956 396 2006 Med.
415 1960 440 2012 2,
458 1964 504 2004 etc.
531 1957 714 2007 contaminatus
737 1973 793 2008 esse
809 1958 925 2019 videtur,
948 1975 972 2011 e.
988 1975 1027 2025 gr.

121 2041 147 2092 p.
165 2026 225 2086 214,
241 2026 281 2076 lo.
299 2052 333 2062 -·
348 2024 536 2087 Guelferbytani
551 2025 635 2090 primi,
653 2024 761 2075 Gudiani
776 2025 836 2078 268.
852 2042 918 2079 suec.
936 2026 976 2078 XI
989 2025 1028 2092 (1)

121 2108 216 2160 paucas
237 2092 360 2157 quasdam
379 2093 499 2142 lectiones
520 2091 630 2143 Wolfius
656 2093 768 2158 prodidit
789 2110 804 2144 a
826 2095 944 2161 Langero
968 2096 1028 2146 sub-

120 2163 220 2212 missas.
255 2161 305 2212 Sed
322 2161 420 2211 desidia
438 2161 533 2211 sensim
550 2162 686 2227 obrepente
701 2162 727 2210 in
743 2162 770 2214 0.
787 2163 916 2229 caligulae
932 2172 959 2215 et
971 2163 1027 2214 Diui

121 2230 218 2281 Claudii
235 2230 294 2280 vitis
313 2230 456 2288 rarissime,
474 2231 500 2278 in
520 2229 626 2278 Neronis
641 2230 733 2290 semel,
750 2230 778 2280 in
793 2231 979 2297 posterioribus
995 2247 1027 2285 ue
1068 2275 1069 2286 .

121 2299 199 2350 semel
216 2299 316 2362 quidem
331 2299 371 2347 vel
386 2297 461 2346 huius
482 2298 539 2347 libri
554 2298 593 2347 vel
610 2299 716 2348 aliorum
734 2300 888 2352 mentionem
905 2299 976 2352 fecit.
993 2327 1027 2339 -

121 2366 345 2416 Torrentianorum
360 2366 473 2415 codicum
496 2381 562 2416 unus
581 2367 675 2416 alterve
692 2366 733 2416 hic
749 2368 814 2419 11111
828 2383 1027 2420 commemorau-

121 2435 185 2494 dus,
201 2435 223 2484 si
239 2434 368 2483 Torrentio
389 2434 487 2484 codices
508 2449 568 2484 suos
584 2442 691 2498 quatuor
707 2439 809 2502 saepius
825 2437 975 2488 nominatim
989 2438 1028 2488 di·

122 2503 252 2566 stinguere
273 2502 420 2567 placuisset;
442 2502 493 2552 iam
508 2517 568 2552 vero
585 2505 619 2553 ita
640 2504 708 2567 loqui
732 2506 810 2555 solet:
837 2506 935 2557 ‘codex
949 2521 1027 2569 unus,

122 2568 191 2620 baud
205 2570 295 2630 malus,
312 2570 429 2634 optimus,
450 2580 544 2635 noster,
562 2579 730 2636 pervetustus,
747 2574 804 2624 libri
824 2574 890 2634 duo,
907 2577 1026 2638 quatuor’

122 2646 146 2688 11
161 2639 292 2698 similiter,
317 2646 344 2687 ut
361 2639 415 2688 eius
430 2639 500 2689 labor
516 2639 591 2690 hodie
611 2655 692 2705 paene
709 2642 804 2692 inutilis
825 2643 865 2692 sit.
881 2669 915 2679 -
932 2642 1028 2693 Parisi-

122 2721 212 2756 ncrum
228 2707 342 2755 codicum
365 2715 465 2771 praeter
480 2708 664 2758 viterbiensem
679 2708 720 2758 hic
740 2711 886 2762 nominandi
909 2719 971 2762 sunt
985 2725 1026 2761 no.

121 2774 188 2825 5801
204 2789 270 2824 saec.
288 2773 336 2824 Xll
352 2776 469 2840 optimus,
488 2791 562 2840 quem
576 2776 751 2829 Casaubcnum
766 2793 865 2842 quoque
880 2779 1027 2845 inspexisse

122 2843 229 2908 probunt
248 2844 342 2892 omissa
356 2859 383 2908 p.
401 2843 688 2904 1811011111111
705 2849 787 2909 pluris
803 2850 932 2911 aliquanto
952 2863 1028 2900 rosu-
1064 2877 1069 2899 t

120 2915 176 2970 ria,
201 2919 254 2960 tum
275 2911 444 2960 Notre-Dame
471 2913 520 2964 188
544 2928 610 2962 saec.
632 2913 711 2977 Xlll,
740 2923 859 2981 excerpta
877 2917 1013 2967 continens
1020 2935 1027 2981 ;
1066 2908 1069 3010 p

119 2987 248 3046 postremo
266 2994 304 3031 no.
326 2979 403 3030 5805.
421 2980 498 3032 5810.
517 2982 593 3033 6117.
611 2997 677 3033 1111.
693 2983 751 3033 XV.
1067 3022 1069 3030 .

190 3047 234 3110 15)
255 3048 380 3097 Ρ11111111
396 3050 571 3101 adnotationes
594 3066 608 3100 e
622 3052 744 3102 Vaticano
760 3052 846 3102 codice
867 3067 883 3101 a
900 3052 1026 3104 Politiano

119 3131 142 3166 a.
160 3116 227 3166 1480
242 3116 323 3166 111111
344 3117 442 3168 huncne
458 3120 608 3169 Vaticanum
625 3134 656 3168 an
678 3121 755 3170 alium
770 3127 883 3186 spectent
907 3122 1026 3185 equidem

119 3186 217 3250 ignoro.
255 3186 364 3236 Fulvii
380 3186 494 3237 Ursini
515 3204 528 3237 1
549 3189 580 3240 V.
601 3189 626 3239 C.
646 3198 778 3254 excerpta,
799 3188 864 3251 quae
881 3189 956 3252 dicit,
972 3192 1026 3256 ple·

119 3269 223 3315 rumque
236 3256 408 3305 commenticia
425 3264 490 3316 sunt,
509 3273 540 3305 ex
553 3258 652 3306 Erasini
668 3257 921 3322 SteplraniTorrentii
937 3260 1026 3310 editio·

120 3322 193 3370 nibus
207 3323 319 3373 conficta.
352 3324 431 3373 Nimis
447 3326 531 3374 timide
548 3327 579 3375 de
596 3327 650 3375 eius
668 3325 717 3374 fide
735 3327 879 3375 dubitarunt
897 3327 1025 3378 111611)-

120 3390 209 3437 novius
227 3399 250 3439 et
267 3392 469 3457 Oudendorpius.
502 3395 568 3443 Raro
586 3409 635 3442 non
652 3395 788 3455 mentitur,
812 3401 839 3443 ut
859 3410 916 3444 cum
940 3401 1025 3459 capitu
1060 3355 1063 3436 i

120 3469 297 3508 commemorat
315 3477 340 3525 p.
360 3461 406 3521 71,
425 3463 465 3511 lo.
1056 3460 1065 3480 ⁴

1058 3484 1062 3620 l

1057 3664 1061 3773 ¹.

1056 3795 1060 3873 1
