2286 3944
661 468 691 520 s

310 577 352 658 Ο.
382 577 616 659 SUETONI
640 577 981 665 TRANQUILLI

159 744 278 844 DE
332 742 561 844 VITA
609 740 1051 842 CAESARU

517 941 759 1006 LIBERVI.

568 1098 715 1171 mo.

548 1290 735 1299 *—

120 1453 134 1505 1
213 1432 258 1490 Ex
279 1439 367 1508 gente
381 1428 503 1488 Domitia
524 1428 596 1488 duae
612 1430 736 1491 familiae
759 1432 937 1508 claruerunt,
958 1431 1060 1492 Calain

146 1525 176 1575 et
201 1511 451 1574 Aenobarborum.
489 1511 656 1572 Aenobarbi
683 1524 832 1574 auctorem
862 1516 983 1592 originis
1017 1518 1063 1573 iter

147 1598 328 1675 cognominis
338 1596 446 1656 babent
458 1597 489 1655 L.
504 1595 672 1673 Domitium,
689 1599 733 1657 cui
745 1617 811 1657 rure
827 1598 970 1676 quondam
983 1617 1063 1657 rever

145 1682 265 1741 iuvenes
281 1680 387 1757 gemini
407 1680 574 1757 augustiore
592 1680 684 1740 forma
700 1700 737 1740 ex
759 1698 882 1741 occursu
903 1683 1063 1760 imperasse

146 1765 262 1842 duntur,
280 1765 422 1824 nuntiaret
438 1764 549 1823 senatui
565 1781 599 1822 ac
615 1764 724 1842 populo
741 1767 907 1842 victoriam,
923 1765 960 1824 de
977 1783 1034 1843 qua
1049 1767 1063 1823 i]

145 1857 204 1910 tum
219 1847 311 1909 adhuc
332 1856 407 1917 erat;
436 1855 521 1925 atque
536 1847 565 1904 in
580 1847 665 1906 fidem
685 1848 842 1908 maiestatis
863 1848 936 1908 adeo
953 1849 1063 1926 permul

146 1934 251 2010 malas,
273 1941 303 1991 ut
317 1949 334 1991 e
350 1933 432 2008 nigro
448 1930 562 1989 rutilum
577 1932 693 2010 aerique
710 1930 867 1991 adsimilem
887 1932 1024 2010 capillum
1040 1951 1063 1990 rt

146 2025 220 2078 rent.
245 2015 328 2092 Quod
339 2016 452 2092 insigne
466 2014 569 2074 mansit
581 2023 609 2072 et
624 2014 652 2072 in
668 2015 792 2093 posteris
807 2017 887 2091 eius,
903 2031 938 2073 ac
953 2032 1058 2091 magna

147 2100 231 2161 rutila
263 2098 352 2159 barba
377 2098 499 2158 luerunt.
538 2097 640 2156 Functi
668 2107 762 2158 autem
792 2096 988 2158 consulatibus
1017 2117 1063 2176 sep

147 2182 289 2261 triumpho
308 2199 486 2260 censuraque
502 2180 623 2260 duplici,
639 2190 667 2240 et
679 2183 754 2241 inter
768 2183 905 2260 patricios
919 2181 1026 2241 adlecti
1041 2200 1060 2259 p

147 2275 322 2327 voraverunt
338 2282 437 2324 omnes
453 2267 481 2323 iu
497 2265 601 2324 codem
617 2267 799 2341 cognomina.
829 2265 873 2324 Ac
895 2283 930 2323 ne
955 2283 1063 2342 praeno

148 2349 262 2427 quidem
279 2347 337 2406 ulla
354 2357 555 2426 praeterquam
576 2347 667 2407 ‘Gnaei
691 2357 720 2407 et
739 2348 809 2408 Luci
829 2357 1016 2426 usurparunt;
1050 2367 1063 2406 e

145 2432 210 2510 ipsa
232 2429 352 2489 notabili
379 2432 533 2508 varietate,
558 2431 645 2490 modo
673 2433 871 2492 continuantes
899 2449 983 2490 uuum
1005 2449 1064 2509 quo

146 2532 200 2594 per
214 2514 303 2573 trinas
327 2530 484 2591 personas,
514 2513 600 2573 modo
623 2513 798 2575 alternantes
823 2533 877 2594 per
902 2514 1041 2590 singulas.

148 2599 267 2679 primum
281 2595 494 2674 secundumque
511 2615 545 2657 ac
566 2599 679 2657 tertium
695 2597 934 2658 Aenobarborum
949 2597 1055 2657 Lucios

148 2683 260 2761 quentis
286 2697 385 2739 rursus
408 2688 468 2739 tres
489 2680 645 2741 exordiae
666 2681 781 2744 Gnaeos
800 2682 983 2760 accepimus,
1011 2682 1063 2740 reli

147 2763 259 2826 nonnisi
283 2762 410 2823 vicissim
435 2772 493 2823 turn
513 2763 618 2826 Lucios
640 2773 698 2824 turn
720 2764 844 2826 Gnaeos.
880 2764 974 2824 Pluris
995 2782 1011 2823 e
1034 2766 1063 2823 ia

148 2846 288 2926 cognosc-i
300 2848 413 2907 referre
429 2847 567 2925 arbitror,
584 2865 640 2926 quo
655 2848 767 2908 facilius
789 2856 929 2927 appareat
949 2847 988 2907 ita
1014 2847 1063 2925 dep

146 2950 228 2992 rasse
244 2949 260 2992 a
273 2950 388 2992 suorum
400 2931 550 2991 virtutibus
563 2930 659 3008 Nero,
675 2941 706 2991 ut
718 2941 812 2992 tamen
824 2932 892 2990 vitia
907 2930 1046 3008 cuiusque
1062 2961 1063 2981 t

112 3023 129 3074 a
145 3015 249 3076 tradita
266 3025 295 3074 et
311 3017 437 3093 ingenita
452 3015 592 3074 retulerit.
623 3015 662 3075 Ut
678 3015 766 3092 igitur
789 3015 875 3093 paulo
897 3015 981 3075 altius
999 3033 1063 3092 repr

147 3108 248 3160 atavus
264 3101 325 3159 eius
349 3098 408 3159 GN.
422 3097 561 3158 Domitius
582 3100 610 3157 in
626 3097 769 3159 tribunatu
784 3097 968 3178 pontificibus
991 3098 1063 3156 offen

148 3182 225 3261 quod
246 3182 331 3242 alium
355 3200 438 3260 quam
460 3200 492 3241 se
516 3184 544 3240 in
565 3183 654 3262 patris
678 3183 721 3241 sui
741 3183 838 3242 locum
859 3190 1063 3260 cooptassent,

146 3264 329 3325 sacerdotum
344 3265 592 3342 subrogandorum
609 3283 625 3325 a
647 3265 781 3343 collegiis
804 3265 839 3325 ad
857 3265 995 3344 populum
1018 3273 1061 3324 tra

146 3345 193 3421 lit,
227 3355 256 3405 at
286 3349 313 3407 in
341 3349 484 3396 snas-nau
524 3348 726 3425 tttnt-sgtbus
756 3347 955 3426 Arvernisque
985 3367 1063 3426 super

146 3427 300 3492 elerb⁹”⁸‘
329 3449 366 3488 re
484 3451 563 3476 ...n..
610 3468 622 3476 =-
648 3440 696 3476 um
719 3439 779 3492 eet,
808 3431 891 3492 turba
916 3432 1063 3491 militumr
