2286 3944
405 176 509 224 nrvcs
525 164 665 226 ructus(
992 171 1029 229 15

90 329 163 392 Cum
185 347 259 408 ergo
280 329 423 391 sublatam
440 331 616 391 tribunorum
634 332 872 392 intercessionem
891 334 1031 413 ipsosque
1039 345 1070 399 31

26 415 100 478 urbe
113 415 240 476 cessisse
253 415 409 474 nuntiatum
422 424 478 491 est,
494 417 660 493 praemissis
674 415 826 476 confestim
839 416 912 476 clam
926 417 1029 478 cobor-

26 500 118 578 tibcs,
138 517 176 559 ne
194 515 250 577 qua
266 499 393 576 suspicio
410 508 590 575 moveretur,
607 508 636 558 et
652 499 821 577 spectaculo
839 500 956 578 publico
976 520 1029 579 ρετ

26 581 284 646 dissimulationem
300 582 427 642 interfuit
441 591 471 643 et
485 583 620 659 formam,
640 600 696 661 qua
716 582 812 643 ludum
827 584 1029 660 gladiatorium

10 677 91 732 terat
103 666 315 742 aedificaturus,
333 665 525 727 consideravit
538 675 566 726 et
580 684 617 725 ex
630 667 835 726 consuetudine
848 669 982 728 convivio
995 688 1029 730 se

25 751 172 830 frequenti
192 748 279 808 dedit.
321 749 396 809 Dein
414 758 482 830 post
500 750 572 810 solis
588 766 740 826 occasum,
762 749 845 810 mulis
862 769 878 810 e
895 755 1026 829 proximo

26 834 149 916 pistrino
167 833 203 894 ad
217 832 381 893 vehiculum
395 835 514 911 iunctis,
537 834 760 894 occultissimum
776 835 831 893 iter
847 833 962 895 modico
980 854 1027 896 co·

25 921 126 981 mitetu
145 919 295 995 ingressus
313 925 371 986 est;
398 927 427 977 et
448 936 510 977 cum
533 917 685 977 luminibus
702 917 835 978 extinctis
850 916 1028 979 decessisset

25 1005 90 1079 riu,
115 1001 161 1060 diu
185 1000 378 1078 errabundus,
402 1001 514 1062 tandem
539 1001 575 1061 ad
600 1001 694 1061 lucem
717 1001 790 1061 duce
815 1010 951 1080 reperto,
975 1021 1028 1081 per

10 1085 250 1164 caugustissimos
265 1086 393 1145 tramites
409 1085 532 1163 pedibus
547 1086 656 1153 evasit;
675 1093 907 1164 consecutusque
924 1086 1026 1147 cobor-

10 1172 64 1231 *tis
77 1169 115 1230 ud
127 1168 307 1229 Rubiconem
321 1169 441 1245 llumen,
457 1170 505 1246 qui
520 1169 689 1247 provinciae
705 1169 767 1228 eius
783 1168 847 1228 linis
863 1177 942 1246 erat,
959 1188 1026 1248 pau·

28 1255 84 1314 lum
103 1253 246 1328 constitit,
268 1270 303 1312 ac
323 1261 461 1331 reputans
478 1260 612 1330 quantum
627 1252 792 1328 moliretur,
816 1270 975 1313 conversus
991 1252 1028 1314 ad

29 1337 177 1416 proximos
200 1333 304 1396 Etiam
325 1355 406 1396 nunc
430 1337 521 1414 inquit
546 1335 671 1414 recredi
686 1353 873 1414 poscumus,·
894 1338 978 1416 quod
999 1337 1029 1397 ei

26 1420 220 1500 ponticulum·
245 1420 478 1495 transierimus,
512 1420 615 1480 omnic
645 1420 742 1480 armis
775 1420 897 1499 spendo
927 1430 1023 1482 erunt.

10 1503 180 1567 sdnnctanti
197 1511 337 1564 ostentum
359 1505 418 1564 tale
432 1504 538 1564 lactum
556 1512 609 1563 est.
654 1504 774 1579 Quidam
795 1505 898 1564 eximia
919 1507 1068 1582 magni-32

10 1632 12 1640 ,
28 1588 124 1650 tudine
140 1596 170 1647 et
190 1587 283 1647 forma
299 1589 327 1647 in
347 1589 480 1666 proximo
496 1586 602 1647 sedens
616 1598 738 1666 repente
755 1590 900 1666 apparuit,
923 1588 1025 1649 barun-

27 1673 93 1733 dine
109 1689 232 1740 cuneum
255 1671 290 1731 ad
311 1690 396 1750 quem
411 1671 579 1731 audiendum
596 1690 659 1732 cum
675 1680 792 1750 praeter
809 1681 942 1750 pastores
963 1673 1025 1752 plu-

10 1757 88 1816 ¹rimi
108 1756 196 1816 etiam
216 1774 253 1815 cn
272 1755 443 1816 stationibus
463 1755 568 1814 milites
585 1757 798 1816 concurrissent
817 1757 950 1834 interque
973 1773 1025 1816 eos

26 1849 55 1901 et
68 1848 261 1916 aeneatores,
282 1848 365 1918 rapta
386 1838 422 1900 ab
437 1856 494 1899 uno
517 1839 584 1899 tuba
602 1839 745 1918 prosilivit
765 1839 800 1899 ad
821 1840 925 1900 llumen
940 1849 970 1900 et
984 1841 1024 1899 in-

10 1924 107 2001 rgenti
129 1923 232 2001 spiritu
253 1922 406 1984 classicum
428 1940 551 1983 exorsus
568 1923 712 2002 pertendit
729 1923 765 1984 ad
785 1923 904 1983 alteram
920 1925 1023 2000 ripam.

26 2008 107 2068 lunc
129 2005 239 2069 Caesar
259 2004 362 2068 satur
381 2008 484 2086 inquit,
507 2025 566 2086 quo
590 2007 717 2068 deorum
738 2012 858 2067 ostento
880 2013 909 2066 et
924 2007 1022 2066 inimi-

28 2109 131 2153 corum
153 2090 300 2169 iniqnitas
314 2097 415 2153 cocat.
451 2089 547 2151 Juctc
565 2091 637 2150 cleu
652 2097 713 2164 est,
737 2090 836 2168 inquit.
873 2089 970 2167 Atque
986 2091 1067 2150 itate

27 2176 149 2235 traiecto
171 2177 315 2253 exercitu,
337 2174 470 2235 adhibitis
487 2174 607 2234 tribunis
623 2173 735 2253 plebis,
761 2174 809 2251 qui
831 2173 906 2252 pulsi
924 2191 1023 2252 super·
1099 2200 1102 2207 ·

27 2266 181 2335 renerent,
198 2275 252 2336 pro
268 2259 404 2319 contione
416 2259 501 2319 iidem
512 2259 629 2319 militum
641 2258 714 2318 llens
729 2276 764 2318 ao
779 2265 861 2316 veste
874 2275 889 2316 a
902 2265 1024 2335 pectore

10 2341 174 2402 adiecisse
165 2344 320 2403 revocavit
364 2342 550 2402 Existimetur
565 2344 649 2403 etiam
670 2349 823 2420 equestres
839 2359 943 2401 census
961 2341 1023 2438 pol·

26 2425 121 2486 licitus
143 2425 278 2502 singulis;
302 2425 378 2505 qaod
402 2426 505 2486 accidit
526 2427 661 2524 opinione
687 2427 770 2526 iplsa.
813 2425 885 2485 Nam
911 2444 974 2486 oum
995 2427 1024 2484 in

27 2507 209 2587 adloquendo
238 2509 476 2588 exhortandoqae
505 2511 621 2608 saepius
648 2494 765 2588 digitum
792 2509 895 2570 laevae
924 2528 1023 2569 manus

27 2601 175 2653 ostentans
195 2593 374 2669 adfirmaret,
401 2613 434 2652 se
462 2594 498 2653 ad
519 2595 589 2654 satis
611 2594 774 2655 faciendum
796 2593 941 2670 omnibus,
970 2611 1023 2670 ρετ

27 2693 101 2756 quos
112 2675 279 2753 dignitatem
289 2695 369 2738 suam
382 2677 553 2737 defensurus
566 2688 660 2753 esset,
675 2679 788 2738 anulum
801 2694 917 2755 quoque
927 2693 1022 2752 aequo
1076 2721 1078 2725 .

10 2762 119 2820 tunimo
136 2758 328 2822 detracturum
344 2761 412 2838 sibi,
433 2769 562 2821 extrema
578 2764 689 2839 contio,
711 2764 755 2822 cui
775 2761 888 2821 lucilius
905 2767 967 2818 erat
981 2760 1022 2817 vi·

25 2844 94 2904 dere
109 2845 321 2905 contionantem
332 2863 416 2923 quam
429 2844 544 2922 audire,
559 2863 614 2923 pro
630 2845 706 2906 dicto
718 2844 848 2922 accepit,
868 2842 945 2922 quod
961 2843 1023 2901 visu

10 2927 240 3013 suspicabatum
265 2931 494 3006 promissumque
515 2930 559 2988 ius
580 2929 728 2989 anulorum
745 2946 809 2988 cum
825 2926 940 2986 milibus
955 2943 1023 3003 qua-

10 2991 186 3089 dringenis,
202 3012 277 3072 lama
291 3012 406 3073 distulit.

90 3093 170 3156 Ordo
187 3104 217 3155 et
231 3115 339 3157 summa
356 3115 468 3172 rerum,
491 3114 563 3175 quas
579 3095 719 3174 deinceps
734 3096 845 3172 gessit,
869 3095 912 3153 sic
927 3111 959 3152 se
974 3091 1022 3153 ha·
1012 3106 1066 3161 ·34

10 3139 101 3240 duent.
146 3178 282 3241 Picenum
297 3179 444 3242 Umbriam
459 3180 604 3240 Etruriam
623 3179 793 3278 occupavit,
818 3185 847 3238 et
862 3177 951 3237 anio
966 3174 1023 3236 Do-

23 3264 119 3340 mitio,
145 3264 195 3342 qui
215 3282 268 3343 per
289 3263 435 3324 tumultum
456 3281 611 3324 successor
635 3263 663 3322 ei
686 3264 847 3322 nominatus
869 3260 1023 3321 Corfinium

24 3347 172 3424 praesidio
187 3347 347 3427 tenebat,
339 3367 367 3408 rn
384 3348 525 3409 dicionem
540 3347 660 3408 redacto
676 3355 763 3425 atque
778 3345 905 3424 dimisso,
922 3364 1023 3406 secun·

25 3430 89 3492 dum
105 3432 249 3511 Superum
266 3451 346 3492 maro
363 3431 542 3501 Brundisium
558 3430 695 3509 tetendit,
719 3448 777 3511 quo
791 3431 926 3492 consules
940 3429 1022 3491 Pom-
