2286 3944
449 212 652 258 PRAEFATIO.
941 213 1000 261 mx

87 392 98 431 a
122 370 253 445 plurimis
267 366 418 443 inspectus.
457 370 563 425 Primus
578 370 648 425 euim
665 369 694 424 P.
710 369 841 426 Pithoeus
857 372 890 426 ad
907 371 996 429 Taciti

87 455 233 525 iiaiognm
245 471 270 511 a.
287 460 355 513 1580
371 453 474 508 editum
487 455 560 509 huuc
576 453 675 508 librum
692 450 854 528 (exemplar
869 453 997 512 Italicum

87 533 177 610 licit)
193 536 341 600 consuluit,
357 536 408 591 cir.
416 535 450 591 Α.
462 536 492 591 11.
501 536 595 607 Egger
609 536 851 594 inZimmermauni
860 539 996 595 zeitschr.

87 623 101 678 i.
123 622 155 678 d.
171 619 244 674 AW.
261 625 329 679 1836
347 637 374 691 p.
389 625 439 680 337
454 636 515 691 sqq.
532 621 583 676 sed
595 619 781 677 Suetonianao
799 636 909 693 qnoque
925 622 996 695 parti

87 705 192 762 rodem
207 719 279 758 anno
295 717 408 774 operam
422 704 511 759 datam
526 703 612 759 lectio
627 704 750 774 incipere
763 721 791 776 p.
807 709 869 775 171,
887 712 918 764 14
933 723 996 778 pur.

87 789 208 857 tundet,
227 803 243 842 a
259 785 375 842 Pithoeo
391 786 418 841 in
434 786 608 859 praefatione
624 787 658 842 ad
677 785 841 853 Quintiliani
859 789 997 845 declama-

87 875 186 930 .ionss
200 887 215 925 s
233 877 344 927 551555
358 873 515 943 coemptura·
526 865 690 944 proditaoe).
736 871 881 926 Secundus
897 879 940 928 est
953 873 996 928 la-

87 956 182 1013 cobus
192 953 371 1025 bongarsius,
390 956 469 1011 cuins
479 955 657 1011 collationem
672 955 708 1011 ad
721 953 861 1025 margines
870 954 996 1012 Poiman-

87 1040 192 1095 tianae
212 1036 342 1093 editionis
366 1038 533 1111 adscriptum
553 1038 732 1095 Casuubouus
754 1043 864 1097 u.1595
887 1038 996 1112 accepit

87 1129 114 1178 et
135 1136 191 1190 ego
205 1119 342 1176 beneiicio
359 1120 389 1176 G.
405 1121 432 1176 L.
450 1122 521 1177 Stei
533 1121 658 1192 geriV.
676 1121 706 1177 G.
722 1121 911 1178 bibliothecae
927 1125 996 1180 Ber·

87 1203 188 1262 nensis
201 1201 337 1276 praelecti
352 1204 426 1260 domi
442 1206 536 1262 habui.
570 1205 675 1261 Deinde
692 1223 717 1264 5.
734 1211 801 1265 1610
815 1203 995 1262 Casaubcnus

88 1290 192 1346 ibrum
213 1287 303 1359 ipsum
334 1286 456 1344 al'anlo
480 1288 594 1347 Petasio
629 1289 829 1344 commodatum
861 1289 993 1361 inspexit.

87 1375 190 1430 'ostea
208 1370 297 1426 lsauci
313 1371 409 1426 Vossii
426 1373 557 1443 collatio,
575 1389 645 1444 quac
660 1373 761 1429 Leidae
777 1379 949 1443 asservatur,
968 1381 995 1430 et

88 1460 244 1512 turmanno
265 1459 293 1508 51
307 1452 505 1527 Oudendorpio
526 1462 641 1529 praesto
657 1455 718 1510 init.
760 1454 862 1512 Nostro
879 1459 994 1515 saeculo

88 1536 226 1596 iriderici
240 1537 312 1607 Aug.
329 1536 411 1593 Woli
423 1540 554 1610 precibus
571 1541 720 1596 obsecutus
734 1539 869 1609 1151555,
891 1541 992 1598 deindo

88 1637 166 1680 uum
183 1620 332 1677 editionem
352 1637 522 1693 praeparans
537 1623 644 1691 Osann,
665 1622 785 1694 deniquo
807 1639 833 1677 a.
850 1628 917 1681 1855
939 1641 993 1694 ego

91 1703 310 1763 tumidissimus
325 1703 476 1761 lacobus
495 1707 674 1763 Hunnikcr
691 1705 906 1776 diligentissimo
918 1722 993 1764 com-

88 1787 257 1846 ‚aravimns
345 1783 346 1787 ’

150 1870 201 1925 llis
222 1871 334 1943 scriptis
352 1872 432 1928 libris
456 1874 594 1930 editiones
611 1874 763 1946 impressae
785 1873 920 1929 addantur
935 1875 992 1928 lu·

88 1961 187 2012 terta
208 1961 236 2008 et
251 1955 385 2011 Veneta
404 1962 522 2027 51474,
541 1958 568 2013 in
589 1959 687 2028 quibus
705 1963 733 2011 51
748 1955 818 2026 ipsis
837 1957 924 2011 lndcx
943 1958 993 2012 dc-

88 2040 236 2097 ideratnr.

88 2168 290 2182 ,,...--.--

155 2229 204 2292 36)
226 2229 380 2279 Diiiicilllma
401 2229 514 2294 quaestio
536 2229 592 2279 visa
613 2237 651 2279 est
673 2229 704 2280 de
727 2229 826 2282 Pitbcei
846 2230 932 2281 codice
946 2232 992 2282 all·

91 2317 151 2360 uo,
179 2313 253 2362 qnem
274 2298 305 2348 N.
323 2299 403 2348 Faber
418 2297 452 2348 ad
474 2297 506 2347 M.
524 2296 645 2348 Senecam
660 2297 800 2360 rhetorem,
827 2299 992 2350 casaubonus

88 2364 104 2422 u
124 2375 235 2430 utraque
254 2367 372 2429 editione,
391 2367 507 2416 Andreas
526 2365 643 2417 Schottus
660 2369 686 2417 in
704 2367 928 2420 Observaticnibus
944 2368 992 2420 hu·

88 2437 170 2492 uanis
194 2450 218 2499 p.
238 2435 272 2485 28
293 2451 349 2499 sqq.
372 2435 529 2501 Bongarsius
552 2435 578 2485 in
601 2437 717 2502 exemplo
737 2437 860 2488 Beruensi
881 2452 990 2488 comme·

88 2511 263 2566 notaverunt,
280 2518 354 2555 nemo
371 2505 441 2555 uidit.
478 2504 515 2554 Ea
530 2503 666 2555 difficultas
684 2506 735 2555 iam
751 2507 833 2557 soluta
849 2515 901 2567 est,
919 2516 990 2573 post·

88 2587 163 2644 quam
188 2572 286 2622 Veneta
313 2572 389 2625 editio
413 2573 528 2624 5.-1474
554 2587 568 2622 5
593 2575 705 2625 tenebris
728 2575 837 2625 emersit.
875 2575 938 2625 Nam
963 2584 991 2625 ut

88 2641 176 2696 raucis
192 2641 322 2691 absolvam
336 2657 390 2691 rem
404 2641 489 2692 multis
505 2641 589 2691 verbis
603 2657 653 2691 non
666 2645 779 2710 dignam,
798 2659 814 2693 5
828 2643 933 2693 Pithoeo
946 2660 990 2693 ex-

89 2710 199 2776 tmplnm
220 2709 321 2774 aliquod
343 2710 494 2776 impressum
512 2711 724 2761 conscribiliatum
750 2712 798 2762 init
814 2712 990 2762 collationibus

89 2779 203 2834 iurabas,
229 2779 309 2829 altera
331 2779 389 2829 libri
406 2779 514 2828 Parisini
538 2778 620 2840 7773,
646 2782 725 2830 altera
743 2781 861 2831 editionis
879 2782 989 2831 Venetae

89 2870 105 2903 1,
130 2846 208 2896 1474.
245 2847 297 2896 Eae
314 2847 379 2897 dnae
395 2847 540 2897 collationes
558 2861 615 2896 cnm
630 2864 644 2896 5
661 2849 766 2899 Pithoeo
784 2849 890 2899 obscure
907 2850 989 2915 signi·

89 2920 288 2976 tentassemus,
308 2915 457 2966 factumest
474 2923 501 2964 ut
523 2914 565 2979 qui
582 2916 625 2965 iilo
642 2918 757 2982 exemplo
773 2926 902 2967 uterentur
913 2918 988 2967 modo

89 2992 161 3039 rotas
179 2981 363 3034 contunderent
381 2983 458 3050 (sicut
473 2998 530 3032 cum
546 2999 572 3049 p.
591 2986 650 3045 257,
667 2985 700 3036 23
722 2988 868 3048 recitarent,
884 3001 910 3050 p.
928 2985 987 3047 266,

89 3057 97 3106 t
114 3052 220 3109 acinos,
237 3066 302 3116 quac
318 3052 438 3104 lectiones
454 3051 481 3100 in
496 3051 612 3102 Parisino
630 3055 797 3120 reperiuntur,
815 3052 942 3104 ePithoei
959 3053 989 3101 li-

89 3135 131 3176 550
150 3119 299 3184 attulerunt)
315 3121 391 3172 modo
407 3119 504 3171 Pithoel
517 3121 676 3172 membranas
691 3122 846 3187 appellarent
865 3136 929 3185 qnae
945 3135 989 3170 re·

90 3206 124 3242 us
144 3188 221 3239 editio
239 3189 345 3240 dicenda
368 3189 424 3240 init.
462 3189 499 3240 De
516 3190 636 3239 universa
653 3204 681 3239 re
700 3203 751 3238 non
769 3189 834 3239 15155
855 3203 902 3238 nos
923 3188 989 3239 ludl-

89 3273 171 3317 55555,
187 3258 349 3324 comprobent
364 3258 482 3308 lectiones
499 3275 525 3323 p.
546 3258 605 3318 259,
624 3257 656 3309 18
673 3260 810 3320 principem
822 3259 915 3308 Romae
925 3295 932 3319 ,
954 3255 989 3307 20

89 3329 232 3386 lectar-are,
250 3325 439 3391 transennam
456 3342 481 3392 p.
490 3327 550 3389 262,
568 3326 584 3376 8
600 3341 682 3376 remim
693 3327 875 3385 Romanor-rom
890 3341 915 3393 p.
928 3324 987 3384 266,

96 3398 116 3450 9
136 3397 253 3445 militaria
270 3411 362 3453 cerua:
389 3411 415 3462 p.
435 3395 494 3456 267,
513 3394 770 3445 98155555115551Ι
791 3410 915 3460 nusquam
939 3395 988 3446 nisi

89 3465 151 3533 ‚pud
170 3463 301 3514 Pitlroeum
318 3472 342 3514 et
360 3465 386 3513 iu
402 3464 495 3512 Veneta
510 3463 619 3513 editione
637 3465 763 3518 inventae.
