2286 3944
104 106 166 167 204
192 117 221 163 c.
240 113 390 162 sunnone
408 109 904 170 nunno.nnv1uscsnsnnnn
922 110 993 157 nnn.
1006 111 1064 158 vn.

106 268 224 349 eplebe
237 268 351 346 quidem
363 267 534 346 provinciae
550 265 685 342 legiones
698 272 726 323 et
742 263 848 324 auxilia
867 265 1048 343 conscripsit
1063 283 1098 324 su

106 372 160 435 per
181 353 340 412 exercitum
363 359 492 410 veterem
509 349 634 426 legionis
657 347 739 406 unius
758 347 938 428 duarumque
955 349 1099 409 almomet

107 436 268 498 cohortium
283 436 382 502 trium;
395 444 424 493 at
436 452 452 492 c
465 433 638 512 primoribus
654 430 804 510 prudentia
822 440 911 511 atque
922 441 1022 493 aetate
1029 449 1098 512 prae

108 519 248 581 stantibus
261 519 341 578 velut
353 520 443 577 instar
454 525 586 592 senatus,
605 516 640 577 ad
658 532 732 593 quos
750 515 787 575 de
801 517 914 576 maiore
930 533 964 576 re
978 517 1100 594 quotiens

110 621 185 682 opus
196 611 276 663 esset
287 603 464 677 referretur,
483 601 611 660 instituit.
649 598 768 676 Delegit
786 606 815 658 et
832 601 985 678 equestris
1005 599 1115 660 ordinist

108 689 240 763 iuvenes,
254 689 301 765 qui
314 695 447 745 manente
460 684 609 743 anulorum
619 699 772 742 aureorum
784 700 837 742 osu
849 684 969 744 evocati
982 683 1101 764 appella·

108 779 209 831 rentur
220 769 504 848 excubiasquecirca
513 766 764 826 cubiculumsunm
773 767 970 828 vicemilitum
980 775 1101 845 agerent.

110 854 204 916 Etiam
216 872 270 933 per
282 855 448 933 provincias
461 851 557 910 edicta
567 851 682 927 dimisit,
699 858 802 910 auctor
816 851 942 928 singulis
954 851 1093 911 universis

111 957 168 1017 qne
181 935 364 1016 conspirandi
377 935 468 1011 simul,
480 943 509 994 ct
519 943 550 993 nt
562 951 618 1012 qua
630 943 732 1012 posset
744 936 869 1012 quisque
881 952 978 1014 opera
987 951 1101 995 commu·

110 1039 178 1081 nem
192 1021 461 1081 cansamiuvareut.
1108 1020 1124 1061 ¹¹

171 1105 228 1165 Per
245 1103 321 1163 idem
339 1104 403 1162 lere
419 1112 532 1180 tempus
550 1103 579 1160 iu
596 1101 752 1161 munitione
772 1099 891 1178 oppidi,
911 1101 995 1179 qnod
1014 1099 1103 1160 sedem

110 1188 191 1249 bello
207 1187 368 1263 delegerat,
381 1194 516 1263 repertus
529 1194 575 1245 est
587 1184 689 1245 anulus
700 1201 792 1262 opere
804 1184 941 1262 antiquo,
962 1184 1104 1263 scalptura

111 1289 242 1348 gemmae
262 1270 421 1330 Victoriam
446 1286 510 1327 cnm
539 1278 662 1347 tropaeo
691 1269 889 1345 exprimente;
919 1287 957 1328 ac
990 1266 1104 1328 subinde

111 1351 308 1414 Alexandrina
320 1353 402 1411 naris
413 1351 567 1412 Dertosam
579 1351 690 1431 appulit
701 1352 786 1412 armis
799 1359 912 1428 onusta,
925 1353 990 1412 sine
1005 1351 1102 1430 guber

110 1445 230 1511 natore,
247 1436 309 1494 sine
321 1445 406 1496 nauta
420 1453 456 1496 ac
467 1445 589 1496 rectore
600 1436 670 1511 ullo,
680 1444 711 1495 nt
721 1437 827 1494 nemini
838 1434 955 1494 dubium
966 1445 1059 1513 esset,
1070 1436 1125 1494 tur-n

111 1528 184 1579 stum
197 1520 332 1597 piumque
348 1529 376 1578 et
389 1519 857 1597 laventibusdiisbellumsuscipi;
868 1537 931 1578 cunr
944 1529 1067 1599 repente
1074 1536 1105 1578 ex

112 1603 261 1681 inopinato
271 1603 596 1681 propecunctatnrbata
610 1612 685 1662 sunt.
706 1602 824 1663 diarum
838 1602 928 1662 altera
945 1605 1051 1664 castris
1063 1620 1103 1681 ap·

113 1688 355 1766 propinquantem
369 1689 544 1766 paenitentia
556 1687 655 1747 mutati
668 1687 840 1747 sacramenti
851 1685 1011 1747 destituere
1026 1703 1104 1748 cona·

112 1779 141 1830 ta
150 1779 194 1830 est
201 1788 348 1850 aegreque
355 1771 501 1830 retentain
510 1771 617 1848 cilicio,
626 1779 654 1829 et
661 1771 750 1847 servi,
757 1786 831 1849 qnos
842 1788 858 1830 a
870 1770 976 1830 liberto
984 1769 1106 1831 Neronis

114 1854 150 1915 ad
164 1854 293 1914 fraudem
310 1863 501 1935 praeparatos
512 1856 623 1913 muneri
635 1863 802 1932 acceperat,
816 1871 869 1933 per
882 1855 1068 1933 angiportum
1083 1853 1130 1911 ira

114 1938 234 1999 balneas
252 1947 446 2000 transeuntem
463 1955 557 2017 paene
573 1939 792 2006 interemerunt:
817 1939 871 1997 nisi
893 1937 1108 1998 cohortantibus

113 2024 143 2081 in
164 2023 257 2083 ricem
274 2041 312 2083 ne
329 2024 516 2084 occasionem
539 2023 717 2098 omitterent,
737 2021 985 2100 interrogatisque
1001 2022 1039 2082 de
1057 2036 1109 2099 qua

115 2108 275 2166 occasione
295 2107 498 2185 loquerentur,
527 2123 667 2185 expressa
699 2104 827 2164 cruciatu
853 2105 1002 2165 confessio
1021 2111 1107 2164 esset.

74 2188 253 2250 illucessit
265 2190 389 2250 adtenta
403 2190 565 2251 discrimina
578 2207 657 2249 mors
671 2187 818 2265 Vindicis,
835 2207 890 2267 qua
906 2190 1030 2249 maxime
1043 2205 1107 2248 con-

115 2282 259 2332 sternatus
271 2273 467 2351 destitutoque
483 2274 583 2333 similis
600 2289 658 2332 non
672 2272 788 2332 multum
802 2273 871 2332 aluit
886 2274 953 2351 quin
971 2275 1050 2333 vitae
1064 2289 1134 2331 ren

113 2355 266 2414 nuntiaret.
297 2355 356 2415 Sed
369 2356 642 2435 supervenientibus
661 2356 696 2416 ab
716 2355 789 2415 urbe
805 2356 909 2416 nuntiis
928 2365 958 2416 ut
983 2356 1110 2416 occisum

112 2436 260 2498 Neronem
272 2447 452 2516 cunctosque
464 2441 493 2499 in
504 2440 594 2500 rerba
606 2459 657 2501 sua
673 2441 786 2500 iurasse
802 2441 957 2518 cognovit,
978 2439 1110 2519 deposita

113 2521 203 2598 legati
219 2523 348 2600 suscepit
363 2521 499 2583 Caesaris
518 2523 761 2602 appellationem,
773 2524 886 2602 iterque
903 2525 1055 2601 ingressus
1068 2528 1110 2581 est

115 2604 267 2684 paludatus
285 2623 320 2664 ac
336 2605 520 2685 dependente
538 2625 554 2667 a
572 2607 737 2667 cervicibus
760 2608 889 2687 pugione
906 2616 973 2668 ante
991 2615 1108 2686 pectns;

114 2706 170 2748 nec
184 2690 263 2767 prius
275 2707 356 2749 usum
367 2699 455 2766 togae
463 2692 640 2770 reciperarit
650 2690 734 2770 quam
743 2692 895 2770 oppressis
903 2693 950 2770 qui
958 2708 1051 2751 novas
1063 2701 1138 2748 reso

114 2771 318 2851 moliebantur,
328 2774 481 2854 praelecto
495 2777 624 2853 praetori
634 2775 809 2854 Nymphidio
823 2775 931 2835 Sabino
944 2775 1066 2851 Romae,
1083 2774 1110 2832 in

116 2855 269 2916 Germania
281 2857 405 2917 Fonteio
419 2857 573 2937 Capitone,
588 2860 616 2918 in
626 2858 727 2920 Africa
738 2857 842 2918 clodio
854 2859 954 2920 llacro
966 2858 1085 2936 legatis.

76 2953 110 3007 ts
182 2940 388 3002 Praecesserat
400 2942 435 3003 de
455 2959 490 3002 eo
510 2944 585 3003 lama
601 2943 740 3003 saevitiae
758 2942 840 3003 simul
859 2951 945 3021 atque
962 2942 1111 3016 auaritiae,

12 3099 16 3106 1
123 3023 200 3100 quod
213 3026 346 3086 civitates
365 3026 567 3105 Hispaniarum
584 3026 813 3106 Galliarumque,
839 3043 913 3106 quae
932 3027 1112 3087 cunctantius

117 3105 172 3164 sibi
185 3119 384 3187 accesserant,
396 3111 580 3188 gravimibus
592 3112 714 3190 tributis,
726 3109 862 3190 quasdam
874 3110 959 3170 etiam
966 3127 1112 3169 murorum
1121 3133 1142 3175 ar

114 3187 312 3251 destructione
322 3193 1110 3274 punissetetpraepositosprocuratoresquesupplicio

114 3272 216 3348 capitis
230 3273 389 3336 adiecisset
404 3295 466 3331 rum
490 3277 652 3338 unionibus
664 3297 690 3339 aa
723 3278 826 3349 iberis;
841 3277 976 3357 qnodque
984 3276 1113 3338 oblatam

113 3351 408 3414 aTarnscononeibu-
624 3363 686 3416 uon
744 3361 813 3411 'evis
840 3379 975 3421 r‹sm-urm
996 3379 1114 3421 auream
