2286 3944
103 183 162 245 tao
192 193 223 241 c.
236 190 385 240 emnam
403 186 529 246 annuc.
544 185 593 232 nn
606 183 691 230 vuun
706 180 892 230 cananeum
908 180 979 226 nnn.
993 178 1039 226 vr.
1131 242 1133 251 Ι

100 350 177 410 ullos
191 348 331 408 leuiorem
348 361 432 422 mam
447 342 494 420 qui
510 358 542 400 se
559 339 643 398 dictis
658 346 706 399 aut
722 336 897 397 carminibus
912 334 1095 395 lacessissent
1131 326 1133 369 ¹

101 434 240 495 extitisse.
281 429 369 490 llulta
395 426 508 487 Graece
532 423 690 502 Latineque
718 421 885 501 proscripta
911 429 960 480 aut
987 418 1095 496 vulgata

101 525 181 593 sunt,
197 517 271 575 sicut
283 514 347 573 illa:
780 530 784 536 >

227 644 335 726 Νέρων
346 635 482 727 Ὀρέστης
492 636 642 722 Ἀλκμέων
657 631 863 720 μητροκτόνος.

229 775 413 857 Νεόννμφον
427 777 534 858 Νέρων
547 777 626 838 ἰδίαν
641 773 750 854 μητέρα
765 764 928 835 ἀπέκτεινε.
1099 792 1109 833 t
1129 763 1133 883 ι

187 919 256 991 Quis
270 925 353 992 uequt
366 917 476 974 Aeneae
489 931 607 989 maqnue
621 917 655 972 de
668 918 754 986 stirpe
769 914 928 970 Neronem?

230 1004 346 1060 Sustulit
357 1003 402 1058 lu'c
417 1007 544 1066 matrem,
559 1002 669 1057 sustulit
680 1002 725 1055 ille
735 1005 856 1070 putrem.

187 1139 261 1198 Dum
277 1138 359 1192 tendit
372 1135 508 1192 citharam
525 1143 633 1204 numer,
648 1134 714 1190 dum
728 1149 835 1189 cornua
849 1132 984 1202 Parthus,

229 1222 328 1277 Noster
341 1223 395 1274 erit
404 1218 517 1288 Paean,
532 1221 576 1274 r'lle
590 1218 800 1276 Hecatebeletes.

188 1356 277 1412 Roma
292 1355 387 1408 domus
397 1354 458 1424 fiet.-
480 1353 558 1409 Veios
573 1356 701 1426 miqrate,
718 1351 850 1422 Quirites,
1101 1361 1118 1402 u

230 1437 262 1493 Si
276 1455 331 1492 uon
345 1443 374 1492 et
392 1436 471 1492 Veios
487 1444 604 1508 occupat
617 1442 669 1494 usta
686 1439 790 1493 domus.

104 1567 162 1630 Sed
184 1585 278 1645 neque
295 1575 432 1627 auctores
450 1569 582 1646 requisiit
603 1577 632 1628 et
653 1567 792 1646 quosdam
815 1586 869 1647 per
886 1566 1011 1626 indicem
1026 1563 1095 1625 dela·

103 1663 149 1714 tos
172 1650 207 1710 ad
229 1660 358 1710 senatum
380 1649 464 1710 adfici
485 1654 622 1729 graviore
644 1671 738 1730 poena
756 1652 911 1731 prohibuit.
941 1651 1096 1711 Transeun-

104 1746 162 1797 tem
175 1753 238 1794 eum
253 1734 381 1794 lsiderus
397 1733 524 1810 Cynicus
538 1738 566 1795 in
583 1736 700 1815 publico
723 1736 802 1796 clara
818 1754 892 1796 voce
909 1737 1096 1813 corripuerat,

105 1818 188 1901 quod
203 1816 321 1898 Naupli
337 1819 423 1880 melu
439 1818 514 1880 deae
528 1820 708 1895 cantitaret,
725 1837 786 1880 sua
802 1819 884 1881 horta
898 1819 981 1880 mule
996 1818 1094 1896 dispo·
1105 1831 1120 1871 a

103 1910 212 1974 uerct,·
229 1913 258 1964 et
272 1903 361 1963 Datus
374 1903 571 1964 Atellanarum
587 1905 688 1965 histrio
705 1906 732 1962 iu
750 1907 862 1965 cantico
881 1904 1006 1982 quodam
1017 1891 1097 1982 ‘Tyn'-
1129 1910 1133 1976 t

105 2007 179 2049 ατνε
196 1981 316 2069 πάτερ,
338 1975 469 2066 ὑγίαινε
484 1985 605 2068 prisea!
626 1990 664 2048 ita
679 1987 943 2065 demonstraverat,
959 1997 991 2047 ut
1004 1987 1097 2047 hiben-

105 2083 163 2134 tem
178 2083 380 2152 natautemque
395 2073 524 2149 iaceret,
543 2074 648 2133 exitum
663 2072 776 2132 scilicet
792 2071 893 2134 Claudi
907 2072 1097 2151 Agrippinae-

107 2175 163 2237 que
179 2159 362 2234 significans,
384 2166 412 2216 ct
434 2158 462 2215 iu
483 2158 638 2218 novissima
655 2156 783 2218 clausula
800 2154 901 2218 Orcus
915 2155 1007 2218 achis
1020 2157 1100 2217 ducit

104 2239 201 2320 pedes
221 2251 351 2301 senatum
372 2250 457 2317 gestu
478 2251 600 2303 notarat.
641 2241 817 2302 Nistriouem
843 2250 872 2300 et
897 2241 1122 2321 philosophema

105 2325 185 2385 Nero
203 2325 273 2384 nihil
291 2326 411 2402 amplius
429 2343 513 2402 quam
533 2325 605 2386 urbe
619 2325 759 2404 Italiaque
781 2328 945 2402 summovit,
967 2326 1018 2385 vel
1037 2344 1098 2385 con·
1131 2358 1133 2363 ·

105 2416 216 2484 temptu
232 2410 323 2467 omnis
345 2409 478 2469 infamiae
498 2410 546 2469 vel
564 2428 600 2469 ue
615 2409 733 2471 latendo
758 2410 889 2472 dolorem
914 2410 1043 2470 irritaret
1062 2411 1098 2467 iu-

128 2507 201 2548 ema.

66 2508 126 2634 40⁸
167 2572 266 2633 Talem
283 2573 443 2654 principem
460 2576 655 2653 paulominus
677 2578 904 2656 quattuordecim
926 2594 1026 2638 anuos·
1038 2595 1100 2656 per·

106 2675 211 2738 pessus
232 2667 372 2717 terrarum
394 2658 473 2718 orbis
495 2659 608 2720 taudem
631 2661 774 2741 destituit,
798 2664 906 2722 initium
929 2661 1128 2722 iacientibusu

107 2740 196 2804 Gallis
215 2741 286 2802 duce
300 2741 372 2802 lulio
390 2742 523 2821 Vindice,
540 2745 587 2824 qui
604 2754 662 2806 tum
678 2765 741 2806 eam
757 2747 934 2826 provinciam
949 2763 1005 2824 pro
1022 2762 1101 2824 prae·

106 2835 171 2888 tore
187 2825 342 2906 optiuehat.

167 2910 346 2972 Praedictum
370 2929 387 2971 a
412 2911 619 2974 mathematicis
640 2913 750 2974 Neroni
772 2914 840 2975 olim
861 2922 939 2989 erat,
965 2913 1049 2989 lore,
1075 2919 1103 2970 ut

107 2995 280 3075 quandoque
306 2995 522 3068 destitueretur;
552 2997 627 3058 uude
653 2998 702 3058 illa
727 3015 786 3058 uox
812 2999 873 3058 eius
897 2995 1102 3058 celeberrima:

112 3067 157 3138 Τὸ
169 3073 300 3158 τέχνιον
315 3067 401 3160 ἡμᾶς
415 3075 601 3161 διαθρέψει,
618 3100 676 3159 quo
691 3084 799 3143 maiore
818 3081 930 3142 scilicet
946 3081 1031 3141 venia
1045 3096 1133 3139 me-st

108 3160 246 3222 ditaretur
262 3164 485 3226 citharoedicam
501 3175 608 3242 artem,
633 3167 757 3246 principi
773 3166 828 3226 sihi
845 3173 972 3243 gratam,
990 3168 1105 3242 privato

107 3250 311 3307 necessariam.
340 3249 564 3329 spoponderant
579 3259 673 3311 tamen
694 3250 806 3330 quidam
828 3248 964 3310 destituto
980 3248 1107 3308 Orientis

109 3326 349 3409 dominationem,
370 3333 498 3394 nonnulli
518 3337 679 3395 nominatim
692 3353 812 3412 regnum
826 3333 1105 3410 Hierosolymorum,

108 3409 208 3489 plures
230 3415 322 3472 omnis
343 3417 481 3493 pristinae
495 3417 626 3476 fontaines·
641 3419 860 3478 raglilqtjnnem,
891 3416 943 3478 Cui
958 3419 1022 3498 spei
1038 3434 1105 3496 ppo.
