2286 3944
336 261 442 309 arvus
461 262 651 310 nueosnus.
880 327 881 330 Ἴ
960 251 1001 313 59

88 418 217 495 ivitque,
235 423 329 475 motus
346 417 446 476 iniuria
464 417 622 495 senatoris,
640 435 725 496 quem
739 417 868 477 Puteolis
883 436 937 496 per
955 437 1001 481 ce-

88 503 170 559 rimos
184 499 270 559 ludos
286 517 427 559 consessu
442 501 587 578 frequenti
608 518 691 560 nemo
705 511 871 579 receperat.
910 502 1001 562 Facto

108 582 228 644 decreto
253 592 364 661 patrum
379 593 427 660 ut,
449 586 583 661 quotiens
605 585 672 664 quid
698 586 859 663 spectaculi
880 603 999 663 usquam

88 685 114 728 te
130 667 279 743 ederetur,
298 669 407 746 primus
428 667 632 727 subselliorum
650 668 722 728 ordo
743 679 862 728 vacaret
885 679 999 729 senato-

88 798 91 824 ‚
107 752 217 811 Romae
233 750 349 826 legatos
364 751 517 811 liberarum
541 752 741 829 sociarumque
761 755 889 828 gentium
910 754 1001 813 vetuit

90 835 203 895 chestra
225 833 344 914 sedere,
373 853 436 894 cum
461 835 600 913 quosdam
622 836 707 894 etiam
733 834 859 894 libertini
880 839 1000 912 generis

95 917 305 997 deprendisset.
350 919 471 979 Militem
495 920 622 978 secrevit
647 937 663 978 a
689 919 810 997 populo.
849 919 958 978 lilaritis
983 938 1000 979 e

100 1003 237 1080 proprios
254 1001 370 1061 ordines
383 1004 558 1079 assignavit,
574 1005 762 1080 praetextatis
776 1021 897 1061 cuneum
910 1022 999 1079 suum,

88 1087 200 1145 »nimum
217 1084 416 1162 paedagogis,
441 1088 591 1164 sanxitque
607 1104 644 1144 ne
662 1088 725 1164 quis
747 1086 921 1164 pullatorum
942 1105 1000 1145 me-

88 1187 148 1229 rvea
164 1168 290 1228 sederet.
312 1169 439 1228 Feminis
453 1189 489 1229 ne
504 1169 683 1247 gladiatores
700 1170 828 1250 quidem,
843 1188 917 1248 quos
932 1187 1000 1249 pro·

89 1272 105 1312 e
126 1255 252 1330 spectari
274 1253 416 1312 sollemne
438 1254 506 1312 olim
527 1263 605 1330 erat,
630 1254 684 1312 nisi
711 1273 750 1314 ex
764 1255 917 1332 superiore
932 1254 1000 1313 loco

88 1355 132 1396 are
160 1338 316 1395 concessit.
365 1337 443 1397 Solis
467 1336 629 1414 virginibus
654 1337 823 1397 Vestalibus
850 1338 945 1397 locum
972 1338 1001 1396 in

88 1438 123 1497 o,
140 1421 295 1498 separatim
311 1429 340 1478 et
356 1431 456 1479 contra
472 1423 618 1499 praetoris
633 1421 767 1498 tribunal,
787 1421 874 1480 dedit.
898 1421 999 1480 Athle-

103 1519 173 1562 vero
191 1503 359 1580 spectaculo
376 1504 515 1563 muliebre
531 1523 617 1564 secus
635 1523 719 1564 omne
739 1506 812 1565 adeo
835 1505 999 1580 summovit,
1017 1563 1019 1568 .

88 1586 258 1645 ntificalibus
281 1586 356 1646 ludis
376 1588 504 1664 pugilum
527 1606 579 1666 par
605 1588 780 1667 postulatum
803 1588 945 1649 distulerit
971 1589 1000 1646 in

88 1671 175 1728 nentis
197 1670 254 1729 diei
282 1672 446 1731 matutinum
471 1681 599 1749 tempus,
633 1672 831 1751 edixeritque,
855 1673 1001 1732 mulieres

88 1754 191 1814 boram
207 1753 342 1831 quintum
356 1756 460 1814 conire
473 1756 505 1814 in
517 1755 678 1831 theutrum,
696 1775 758 1816 uon
771 1757 908 1834 placere.
930 1755 999 1835 lpse
1007 1765 1041 1819 45

88 1856 145 1896 nses
167 1856 204 1895 ex
221 1838 377 1908 amicorum
397 1839 461 1897 iere
482 1838 709 1917 libertorumque
739 1841 904 1899 caenaculis
932 1857 998 1916 spe-

88 1933 107 1995 :,
132 1919 273 1978 interdum
296 1939 333 1979 ex
355 1921 514 1999 pulvinari,
545 1931 573 1980 et
597 1922 710 1999 quidem
733 1941 797 1981 cum
818 1925 943 1998 coniuge
965 1940 1000 1981 ac

88 2021 96 2061 s
117 2002 233 2061 sedens.
272 2004 448 2081 Spectacula
472 2005 608 2082 plurimas
625 2005 729 2081 boras,
749 2005 903 2083 aliquando
920 2012 999 2062 totos

88 2085 195 2162 uberat,
223 2088 312 2163 petita
333 2089 418 2146 venia
441 2087 706 2164 commendatisque
729 2090 777 2165 qni
799 2105 879 2147 suam
904 2088 999 2146 vicem
1039 2080 1043 2088 ⁴

88 2169 187 2228 idendo
214 2169 413 2246 iungerentur.
460 2172 569 2229 Verum
600 2171 734 2247 quotiens
766 2171 901 2247 adesset,
929 2169 998 2229 nibil

88 2270 148 2311 crea
171 2252 294 2328 agebat,
323 2272 373 2312 seu
393 2252 502 2311 vitandi
527 2254 650 2312 rumoris
676 2272 776 2331 causa,
803 2272 860 2334 quo
887 2263 998 2332 patrem

88 2354 152 2395 rem
180 2336 268 2412 vulgo
293 2337 503 2415 reprehensum
530 2337 790 2415 commemorabat,
817 2338 894 2416 quod
924 2340 998 2396 inter

88 2419 183 2478 andum
209 2420 341 2498 epistolis
367 2420 532 2498 libellisque
558 2420 690 2497 legendis
719 2431 767 2481 aut
799 2421 998 2481 rescribendis

88 2512 128 2577 et,
157 2522 208 2562 seu
231 2503 325 2562 studio
350 2503 501 2582 spectandi
523 2523 558 2564 ac
579 2505 746 2584 voluptate,
774 2523 830 2584 qua
850 2505 944 2566 teneri
966 2523 998 2564 se

88 2585 295 2646 dissimulavit
315 2606 448 2665 umquam
471 2597 501 2647 et
520 2607 609 2667 saepe
631 2590 757 2665 ingenue
773 2591 925 2668 professus
941 2599 995 2648 est.

88 2688 95 2728 e
110 2671 264 2730 corollaria
286 2679 315 2730 et
330 2673 457 2748 praemia
477 2674 505 2730 in
521 2673 623 2732 alienis
645 2691 761 2752 quoque
775 2675 941 2732 muneribus
962 2691 996 2732 ac

88 2763 112 2811 et
128 2754 231 2814 crebra
249 2764 277 2813 ct
290 2755 409 2831 grandia
427 2755 462 2815 de
483 2773 535 2815 suo
562 2756 718 2833 offerebat,
741 2757 868 2835 nullique
883 2756 996 2816 Graeco

88 2839 142 2894 nini
159 2838 301 2913 interfuit,
319 2856 375 2916 quo
393 2858 451 2899 non
468 2842 637 2917 promerito
662 2858 804 2918 quemque
828 2839 998 2899 certantium

88 2923 155 2980 anit.
190 2923 340 3000 Spectavit
353 2932 446 2982 autem
462 2924 670 2983 studiosissime
693 2925 808 3001 pugiles
824 2932 853 2982 et
873 2924 997 2981 maxime

88 3023 125 3079 ts,
152 3022 210 3064 non
232 3005 378 3081 legitimos
401 3017 485 3085 atque
507 3007 668 3067 ordinarios
688 3007 790 3084 modo,
814 3023 887 3084 quos
913 3007 997 3065 etiam

90 3089 173 3147 ittere
192 3107 254 3147 cum
273 3089 394 3149 Graecis
410 3090 540 3167 solebat,
566 3090 661 3149 sedet
679 3092 858 3150 cateruarios
877 3089 996 3167 oppida·

92 3180 155 3230 nter
170 3174 317 3249 angustias
332 3175 463 3234 vicorum
484 3176 638 3252 pugnantis
659 3182 769 3232 temere
789 3192 824 3233 ac
845 3175 908 3232 sine
925 3182 995 3232 arte.

91 3273 166 3314 rsum
182 3256 304 3334 denique
322 3276 415 3334 genus
432 3275 539 3335 operas
559 3257 669 3336 aliquas
685 3256 803 3335 publico
825 3256 995 3335 spectaculo

89 3340 193 3398 entium
214 3343 299 3400 etiam
321 3360 389 3400 cura
407 3359 457 3399 sua
475 3341 607 3417 dignatus
623 3349 681 3400 est:
701 3340 817 3400 athletis
833 3349 862 3400 et
878 3358 995 3400 conser-

96 3423 252 3501 privilegia
274 3433 302 3484 et
324 3424 485 3502 ampliavit;
507 3423 687 3500 gladiatores
712 3425 774 3484 sine
793 3425 932 3485 missione
948 3425 995 3484 edi

88 3506 155 3576 buit3
184 3509 392 3567 coercitionem
424 3513 453 3565 in
479 3509 634 3568 histriones
660 3509 890 3587 magistratibus,
919 3509 990 3566 amn
