2286 3944
205 255 480 303 onrunuruouun
502 255 681 303 monceau
703 254 901 314 nuuroumu.
988 241 1049 302 305

10 404 24 491 ξ
54 411 150 475 culum
176 419 206 470 et
231 409 406 470 Gaditanum.
445 408 642 469 Aestuaria
669 419 733 468 sunt
761 410 869 486 omnia,
904 426 957 486 per
976 427 1051 486 quae

10 490 25 619 Ι
54 513 134 557 aare
162 493 290 554 uicissim
309 501 366 551 tum
389 493 503 552 accedit
528 501 585 552 tum
615 493 736 552 recedit.
783 491 901 552 Alium
931 492 1051 571 proprie

54 596 132 641 merc
154 576 325 656 profundum
345 576 456 636 dicitur.
497 575 594 635 Vada
616 586 679 635 sunt
696 575 799 653 quihus
813 577 841 634 in
860 576 931 635 mari
952 585 1052 654 potest

56 663 142 739 nari,
163 679 237 741 quae
257 659 404 736 Vergilius
429 659 528 719 brevia
551 660 694 738 appellat,
720 677 794 736 quae
821 659 922 718 eadem
947 657 1051 720 Graeci

58 744 194 807 brachea.
238 744 346 802 Sinus
368 743 493 802 maiores
518 761 654 802 recessus
675 746 762 802 maris
783 742 931 817 dicuntur,
958 751 989 801 ut
1008 752 1053 803 est

38 826 41 841 '
59 824 197 907 caspius,
218 826 378 902 Arabicus,
402 826 531 894 lmlicus;
553 828 678 886 minores
691 836 784 886 autem
800 825 896 903 anguli
910 826 1052 903 dicuntur,

59 921 88 973 ut
108 912 276 985 Paestanus,
297 910 472 986 Amyclanus
496 919 525 969 et
551 912 642 970 ceteri
663 910 780 969 similes.
817 909 966 970 Flustra
989 918 1054 970 sunt

59 1004 151 1057 motus
172 995 258 1054 maris
281 994 342 1053 sine
365 1003 538 1071 tempestate
561 992 734 1053 fluctuantis.
774 992 900 1052 Naevius
924 995 953 1052 iu
972 993 1053 1054 bello

60 1078 185 1140 Poenico
213 1078 257 1136 sic
277 1078 328 1136 ait:
360 1074 535 1139 Onerariae
561 1083 690 1138 onustae
712 1076 841 1138 stabant
865 1077 897 1136 in
923 1075 1053 1156 flustris,

61 1171 90 1222 ut
122 1163 147 1221 si
177 1161 303 1221 diceret:
333 1162 361 1219 in
383 1161 455 1222 salo.
500 1160 616 1220 llloles
644 1179 717 1240 quae
737 1163 861 1220 eminent
881 1168 911 1219 ei
933 1177 1053 1240 procur·

60 1255 124 1306 runt
142 1245 233 1320 mari,
263 1243 298 1302 de
320 1244 422 1321 quibus
443 1244 600 1305 Pacuvius:
638 1242 749 1306 Omnes
765 1243 903 1306 latebras
923 1243 980 1305 sab
995 1244 1054 1306 leia

60 1328 139 1392 nole
162 1325 326 1390 obstrusas
349 1328 445 1388 sinan.
498 1325 638 1388 Caecus
664 1329 767 1389 fluctus
794 1339 905 1387 tumens
932 1330 1053 1388 necdum

61 1422 155 1474 tamen
175 1429 280 1486 canus,
301 1411 336 1470 de
360 1429 416 1488 quo
435 1411 503 1471 Atta
526 1413 554 1470 in
580 1411 690 1489 Togata
708 1414 751 1472 sic
772 1414 824 1472 ait:
855 1411 917 1473 Pro
936 1413 1054 1492 populo

60 1494 292 1575 lactescaecos
304 1494 426 1573 faciunt
442 1512 500 1573 per
522 1495 727 1574 discordiam,
751 1505 780 1556 et
796 1495 960 1573 Augustus:
990 1495 1056 1558 Nos

61 1580 197 1642 acuimus
218 1576 381 1656 Neapolim
397 1576 491 1656 fluctu
511 1579 631 1658 quidem
651 1597 755 1641 caeco.
792 1578 896 1639 Litus
919 1579 1055 1658 quidquid

10 1664 20 1673 ’“
61 1682 133 1743 aqua
151 1661 282 1723 adluitur.
317 1661 464 1722 Flumen
484 1664 574 1723 omnis
587 1664 688 1724 humor
706 1664 753 1742 qui
774 1663 823 1723 vel
848 1663 961 1724 modice
984 1664 1053 1724 lluit.

29 1802 34 1807 .
58 1744 222 1809 'ferrens
243 1745 344 1805 lluvius
360 1747 426 1824 quia
443 1746 540 1824 pluvia
562 1748 682 1823 crescit,
700 1747 832 1807 siccitate
848 1748 1001 1824 torrescit,
1027 1747 1056 1807 id

34 1852 37 1857 ·
62 1839 104 1891 est
120 1831 244 1897 arescit;
259 1829 295 1888 de
311 1846 368 1907 quo
384 1829 525 1889 Pacuvius
541 1832 595 1891 ait:
625 1830 779 1892 Flammea
800 1848 921 1908 copore
935 1836 1057 1891 torrens

62 1919 166 1976 torret.
212 1910 316 1972 Ostia
345 1913 438 1972 exitus
462 1913 604 1974 fluminum
625 1917 652 1973 in
672 1933 761 1974 mare.
806 1912 905 1972 'l'olli
921 1930 1056 1990 aquarum

61 1998 225 2077 proiectus,
245 1996 346 2074 quales
359 2005 424 2055 sunt
436 1999 464 2055 in
476 1995 587 2057 Aniene
606 1998 719 2058 flumine
735 2015 818 2074 quam
835 1997 956 2056 maxime
973 2015 1056 2073 prae·

36 2154 39 2159 Ι
64 2082 150 2161 cipiti.
195 2076 338 2140 isidoras
354 2079 392 2139 de
407 2085 522 2141 natura
534 2099 636 2142 reram
655 2089 797 2154 44,1-4
813 2079 860 2139 eri.
876 2077 1013 2141 Areoali.

124 2163 170 2223 De
196 2162 356 2222 nominibus
379 2165 546 2243 ventorum]
578 2164 723 2236 Quosdam
751 2171 846 2222 autem
875 2162 1056 2242 Tranquillus

63 2247 198 2326 proprios
216 2246 345 2306 locorum
356 2246 438 2306 flatus
454 2249 541 2306 certis
557 2249 687 2327 appellat
701 2246 867 2322 vocabulis,
882 2264 938 2325 quo
955 2265 991 2306 ex
1006 2266 1056 2307 nu·

63 2346 142 2391 mero
165 2338 230 2388 suut
248 2330 276 2387 in
300 2330 383 2405 Syria
407 2331 513 2407 Syrus,
539 2329 682 2392 carbasus
703 2333 731 2390 in
748 2328 864 2406 cilicia,
886 2332 914 2390 in
929 2331 1057 2409 Propon-

65 2414 122 2475 title
140 2411 293 2489 Thracias,
316 2414 343 2472 in
358 2412 454 2473 Attica
472 2415 591 2492 Sciron,
612 2418 640 2475 in
656 2414 747 2475 Gallia
763 2413 891 2491 Circius,
913 2417 940 2474 in
956 2415 1058 2495 Hispa·

10 2524 19 2559 ι
64 2498 107 2558 uia
123 2496 328 2557 Sucronensis.
363 2493 508 2560 Isidorus
523 2497 561 2559 de
580 2506 695 2560 natura
709 2516 812 2559 rerum
828 2507 873 2574 37,
893 2508 921 2560 5.

10 2618 16 2645 ;
122 2597 198 2647 Nolui
211 2595 251 2646 hic
263 2605 375 2663 repetere
391 2582 503 2642 Versus
523 2582 559 2642 dc
574 2581 628 2642 Xll
643 2585 736 2642 ventis
755 2582 915 2662 Tranquilli
933 2580 1057 2662 physici,

10 2718 12 2723 ,
65 2681 126 2732 quos
138 2681 153 2714 e
163 2665 227 2715 libro
240 2665 398 2717 Bruxellensi
411 2680 452 2716 no.
466 2665 548 2717 10721
567 2666 636 2717 Seec.
649 2667 705 2717 XII.
720 2666 867 2718 Theodorus
879 2665 969 2717 Oehler
982 2667 1059 2718 edidit

10 2763 12 2767 ·
66 2734 187 2786 aMuseo
198 2733 319 2784 Rhenano
337 2735 401 2785 1842
413 2751 437 2802 p.
454 2734 503 2787 130
515 2751 569 2799 sqq.

125 2800 280 2881 stipulari]
305 2803 460 2862 Suetonius
476 2813 570 2863 autem
588 2806 704 2881 passive
721 2805 840 2882 protulit
857 2805 884 2862 in
901 2802 964 2862 llll.
982 2803 1059 2863 Pra-

10 2948 20 2969 ὃ
64 2894 195 2946 torum:
219 2882 382 2963 lactaria,
400 2893 573 2967 quaecetat
585 2887 733 2947 minorem
748 2887 839 2948 annis
853 2886 962 2965 viqinti
975 2886 1059 2965 quin·

10 2974 21 2983 '
64 2985 120 3049 que
133 2967 281 3047 stipulari
287 2964 559 3112 qiaeparoionm).
577 2970 758 3032 Priscianus
770 2979 797 3047 8,
813 2980 841 3045 4,
861 2977 896 3029 21
906 2988 940 3047 p.
956 2977 1012 3030 794
1024 2968 1058 3029 Ρ.

10 3124 19 3135 ,
65 3052 216 3112 Suetonius
236 3054 263 3111 in
282 3052 344 3113 lll.
368 3054 555 3114 Pratorum
575 3053 675 3114 minor
695 3054 803 3134 aipinti
817 3052 948 3133 quinque
963 3071 1058 3114 aano-

10 3198 19 3206 ,
48 3153 130 3197 -ram
152 3136 300 3214 stipulari
317 3156 379 3198 non
398 3144 500 3216 polest
514 3139 630 3216 passive
647 3137 726 3196 dixit.
755 3136 934 3197 Priscianus
950 3143 995 3212 18,
1015 3143 1058 3213 m,

10 3336 25 3373 2-
125 3302 280 3364 Suetonius
296 3306 324 3364 in
338 3304 415 3364 Vlll.
432 3305 638 3366 Pratorum:
671 3303 760 3366 Fasti
780 3304 846 3364 dies
867 3310 937 3364 sunt
951 3302 1060 3381 quibus

10 3402 28 3457 a
68 3385 112 3447 irs
128 3384 234 3464 satur,
263 3387 297 3449 id
316 3394 362 3449 cst
380 3388 510 3464 dieitur,
538 3393 572 3448 ui
592 3386 708 3466 nefasti
726 3387 835 3468 quibus
855 3405 917 3449 non
937 3386 1054 3448 dicitur

10 3533 15 3543 ,
70 3466 246 3532 Priscianus
260 3477 290 3548 8,
303 3482 332 3549 4,
349 3482 385 3534 20
392 3490 424 3551 p.
440 3470 534 3533 793P.
552 3469 694 3533 isidoras
707 3473 868 3534 denatura
879 3489 982 3532 rerum-
995 3479 1019 3536 1.
1030 3480 1060 3528 a..

10 3587 26 3596 -
113 3574 268 3614 suuroums„
845 3557 885 3618 20
