2256 3930
417 226 447 276 c.
470 227 652 277 omanus.
980 221 1040 284 137

31 396 97 437 rum
117 387 147 438 ut
165 380 245 439 irrita
263 388 292 438 et
307 397 395 457 vana,
423 398 619 460 quoscumque
636 383 699 461 quis
714 384 824 443 diceret
840 383 949 446 herede
967 385 1038 448 (lae-

32 480 103 521 sare
117 464 189 521 mori
204 462 375 523 destinasse.
414 465 478 539 Quo
493 473 569 525 metu
584 465 690 525 iniecto
708 484 771 527 cum
785 469 840 526 iam
855 477 884 527 et
905 469 941 543 ab
956 471 1037 547 igno-

33 548 73 605 tis
90 548 165 604 inter
179 547 336 607 familiares
353 556 382 607 et
404 548 603 627 aparentibus
618 550 693 608 inter
707 549 816 610 liberos
838 551 932 630 palam
949 552 1038 614 heres

31 639 264 708 nuncuparetur,
291 630 439 693 derisores
454 631 594 708 vocabat,
622 632 699 711 quod
715 642 781 712 post
796 637 1037 715 nuncupationem

10 715 135 772 rvivere
161 724 403 792 perseverarent,
437 725 466 775 et
493 716 588 775 multis
615 726 772 777 venenatas
801 727 921 779 matteas
950 723 1034 781 misit.

32 795 246 873 Cognosoebat
271 807 365 858 autem
390 798 426 859 de
452 798 556 859 talibus
583 801 690 877 causis,
719 809 816 861 taxato
846 803 924 881 prius
950 804 1034 864 modo

31 899 160 941 summae
177 881 212 941 ad
229 899 313 960 quem
328 882 535 943 conficiendum
557 882 736 962 consideret,
767 884 902 945 coniecto
925 885 1036 947 demum

31 965 223 1025 excitabatur.
267 964 313 1025 Ac
330 985 366 1025 ne
387 966 531 1046 paululum
546 965 659 1045 quidem
676 985 773 1027 morae
790 969 919 1046 patiens,
947 989 1036 1049 super

31 1048 223 1128 quadraginta
244 1067 313 1110 reos
336 1049 478 1128 quondam
500 1069 538 1111 cx
559 1049 680 1110 diversis
707 1051 870 1111 criminibus
895 1071 949 1113 una
970 1072 1034 1113 sen·

10 1134 123 1192 ttentia
144 1132 361 1209 condemnavit,
386 1133 584 1212 gloriatusque
607 1143 651 1193 est
673 1134 884 1213 expergefacta
902 1155 918 1195 e
933 1154 1034 1197 somno

32 1214 193 1293 Caesonia,
221 1222 367 1296 quantum
380 1217 506 1296 epictet,
531 1218 602 1277 dom
617 1234 656 1278 eo
669 1217 858 1278 meridtcret.

93 1300 237 1360 Auctione
264 1302 432 1381 proposita,
475 1300 611 1381 reliquias
646 1303 768 1361 omnium
799 1302 1033 1380 spectaculorum

31 1384 155 1444 subiecit
171 1403 205 1444 ac
224 1384 397 1460 venditavit,
424 1386 579 1463 exquirens
602 1402 655 1463 per
672 1403 705 1444 sc
723 1386 817 1463 pretia
835 1394 864 1444 et
886 1404 976 1465 usque
996 1405 1032 1446 eo

32 1468 210 1544 extendens,
241 1477 271 1528 ut
291 1467 403 1547 quidam
424 1471 563 1528 immenso
590 1469 685 1528 coacti
712 1468 851 1548 quaedam
873 1486 970 1529 emere
998 1488 1033 1531 ac

10 1551 117 1611 tbonis
138 1554 215 1611 exuti
237 1570 326 1613 venas
349 1551 404 1612 sibi
431 1551 599 1612 inciderent.
642 1550 719 1612 Nota
748 1571 797 1612 res
828 1561 887 1630 est,
914 1552 1031 1632 Aponio

32 1637 185 1696 Saturnino
203 1636 277 1695 inter
292 1635 430 1696 subsellia
453 1635 636 1711 dormitante,
667 1636 804 1695 monitum
820 1653 836 1695 a
853 1635 924 1697 Gaio
948 1654 1031 1715 prae·

10 1737 134 1786 ,eonem
158 1737 194 1778 ne
219 1722 394 1797 praetorium
419 1721 510 1779 virum
536 1718 639 1778 crebro
666 1721 768 1797 capitis
788 1727 866 1778 motu
887 1729 1032 1780 nutantem

10 1803 86 1869 ;sibi
103 1805 291 1881 praeteriret,
320 1821 374 1863 nec
393 1803 498 1863 licendi
517 1804 602 1862 ilnem
623 1802 747 1880 factum,
777 1801 871 1880 quoad
893 1803 1031 1862 tredecim

27 1885 209 1963 gladiatores
236 1890 370 1947 sestertio
403 1889 543 1963 nonagies
573 1886 717 1962 ignoranti
745 1885 955 1945 addicerentur.
999 1885 1075 1946 ln39

10 1970 125 2032 'Gallia
143 1987 272 2049 quoquc,
301 1988 364 2029 curn
384 1970 576 2043 damnatarum
598 1986 729 2028 sororum
750 1977 916 2029 ornamenta
935 1977 965 2027 et
986 1987 1030 2027 sn-

21 2054 210 2132 pellectilem
233 2062 262 2112 et
283 2071 386 2113 servos
407 2062 492 2132 atque
513 2053 599 2111 etiam
620 2052 741 2111 libertos
764 2053 908 2110 bunnensis
931 2053 1032 2129 pretiis

17 2136 222 2213 vendidisset,
254 2138 387 2196 invitatus
415 2137 516 2212 lucro,
556 2134 692 2214 quidquid
716 2136 894 2194 instrumenti
923 2135 1032 2193 veteris

17 2220 114 2284 aulae
140 2229 202 2279 erat
222 2219 258 2279 ab
284 2218 356 2278 urbe
381 2221 514 2297 repetiit,
549 2218 730 2296 comprensis
757 2217 791 2277 ad
823 2215 1032 2295 deportandum

11 2303 185 2366 meritoriis
202 2320 317 2382 quoque
337 2302 478 2363 vehiculis
495 2311 523 2362 et
544 2299 763 2380 pistrinensibus
785 2302 931 2378 iumentis,
958 2299 1031 2360 adeo

13 2400 56 2449 ut
85 2395 115 2446 et
138 2387 219 2464 panis
246 2387 356 2447 Romae
377 2404 466 2465 saepe
487 2385 627 2445 deiiceret
647 2393 676 2444 et
693 2384 869 2461 litigatorum
887 2384 1030 2463 plerique,

15 2470 108 2552 quod
124 2488 280 2530 occurrere
297 2470 432 2531 absentes
448 2469 483 2530 ad
497 2468 686 2529 vadimonium
707 2485 765 2527 non
779 2478 914 2548 possent,
944 2485 1032 2527 causa
1112 2514 1113 2518 ,

16 2554 178 2617 caderent.
224 2552 276 2615 Cui
296 2557 482 2615 instrumento
504 2551 688 2614 distrahendo
709 2551 779 2611 nibil
800 2569 857 2611 non
872 2550 980 2611 fraudis
996 2568 1032 2610 ac

14 2638 167 2701 lenocinii
184 2638 318 2717 adhibuit,
336 2638 421 2698 modo
438 2638 574 2698 avaritiae
589 2635 720 2714 singulos
736 2637 891 2714 increpans
911 2643 940 2694 et
954 2633 1031 2712 quod

18 2741 87 2784 non
104 2720 228 2800 puderet
247 2740 299 2782 eos
327 2721 538 2799 locupletiores
564 2737 732 2799 essequam
753 2737 804 2795 se,
831 2717 917 2777 modo
933 2717 1031 2794 paeni-

21 2808 150 2868 tentiam
176 2805 309 2865 simulans
337 2804 413 2883 quod
440 2803 637 2882 principalium
660 2821 757 2863 rerum
781 2803 900 2880 privatis
919 2798 1032 2876 copiam

19 2892 153 2952 faceret.
198 2887 389 2967 compererat
409 2884 618 2966 provincialem
639 2885 816 2964 locupletem
841 2883 964 2942 ducenta
986 2900 1032 2941 sc·

23 2975 132 3036 stertia
162 2989 328 3032 numerasse
358 2969 559 3044 vocatoribus,
591 2977 621 3028 ut
645 2987 699 3046 per
729 2968 873 3028 fallaciam
898 2965 1032 3024 convivio

22 3061 282 3135 interponeretur,
307 3073 362 3114 nec
378 3054 481 3114 tulerat
493 3051 618 3112 moleste
631 3061 687 3111 tam
699 3065 804 3127 magno
820 3047 964 3110 aestimari
979 3046 1030 3107 bo·

23 3159 132 3204 norem
155 3157 263 3200 caenae
287 3157 372 3207 suae;
403 3137 469 3196 lruic
488 3143 609 3214 postero
632 3134 677 3193 die
708 3133 820 3193 sedenti
848 3133 876 3191 in
900 3129 1032 3189 auctione

24 3228 122 3302 misit,
151 3227 198 3304 qui
213 3224 314 3283 nescio
332 3221 399 3300 quid
419 3219 515 3279 irivoli
532 3218 663 3277 ducentis
679 3215 791 3275 milibus
814 3213 941 3274 traderet
956 3211 1020 3272 dice

25 3318 150 3387 ratque,
182 3315 366 3369 coenaturum
381 3303 456 3383 apud
473 3300 629 3362 Caesarem
644 3308 748 3360 vocatu
762 3299 861 3377 ipsius.

93 3390 259 3468 Vectigalia
279 3407 356 3449 nova
377 3396 463 3465 atque
488 3383 611 3444 inaudita
639 3385 760 3461 primum
776 3399 831 3461 per
851 3379 1077 3460 publicanos,40

30 3475 154 3551 deinde,
184 3475 248 3553 quia
267 3472 379 3532 lucrum
401 3467 595 3544 exuberabat,
619 3484 673 3546 per
690 3467 872 3526 centuriones
891 3463 1033 3523 tribunos-
