2256 3930
435 265 666 314 commanos,
980 255 1040 316 243

10 428 14 465 :
41 422 237 502 deperditam,
268 420 445 499 repudiavit,
479 423 611 499 intraque
637 421 728 480 breve
753 431 865 499 tempus
891 421 1041 499 impatiens

10 512 18 591 ⁵,
42 506 163 582 discidii,
180 504 262 583 quasi
278 505 455 582 efflagitante
472 505 592 583 populo,
608 505 730 565 reduxit.

10 606 19 663 a
107 588 193 649 Circa
217 588 490 648 administrationem
510 598 603 648 autem
620 590 733 667 imperii
755 588 917 667 aliquandiu
941 606 973 646 se
993 605 1040 648 va·

10 672 21 751 ξ
41 675 112 733 rium
128 673 281 752 praestitit,
296 674 417 732 mixtura
433 690 549 750 quoque
565 672 709 750 aequabili
728 675 857 732 vitiorum
879 680 965 749 atquc
985 672 1040 729 vir·

10 756 144 825 'Mutum
163 756 257 815 donec
271 757 392 815 virtutes
408 774 524 833 quoque
539 757 567 815 in
583 757 650 815 vitia
666 756 798 816 deflexit:
821 763 953 834 quantum
974 770 1040 814 con-

11 841 152 901 iiectare
174 840 260 917 licet,
297 858 384 918 super
418 840 526 915 ingenii
561 848 688 899 naturam
714 841 810 917 inopia
835 857 939 917 rapax,
966 847 1042 896 metu

10 927 159 984 lsaevus.

10 1011 13 1081 ξ
106 1005 281 1085 Spectacula
301 1006 414 1065 assidue
430 1008 583 1083 magnifica
601 1015 629 1064 et
650 1015 815 1084 sumptuosa
833 1005 920 1065 edidit
937 1021 995 1063 non
1014 1005 1069 1077 inq

10 1090 12 1149 ἐ
37 1089 253 1170 amphitheatro
266 1089 363 1166 modo,
376 1108 475 1149 verum
488 1091 557 1148 etin
574 1091 667 1159 circo;
685 1089 733 1149 ubi
750 1099 867 1168 praeter
885 1087 1041 1148 sollemnes

10 1152 175 1254 bbigarum
209 1172 467 1253 quadrigarumque
502 1191 602 1232 cursus
638 1173 779 1251 proelium
811 1175 894 1232 etiam
923 1170 1041 1249 duplex,

33 1267 180 1339 equestre
199 1275 234 1316 ac
254 1257 411 1334 pedestre3
431 1259 585 1324 commisit;
610 1265 638 1316 at
655 1259 682 1316 in
706 1257 915 1335 amphitheatro
938 1253 1042 1313 navale

32 1360 170 1423 quoqne.
194 1339 266 1400 Nam
285 1344 456 1401 venationes
474 1340 708 1419 gladiatoresque
728 1350 757 1400 et
768 1340 901 1400 noctibus
914 1338 949 1399 ad
961 1337 1041 1412 lyclr·

30 1425 171 1493 nuchos;
191 1442 245 1483 nec
265 1425 391 1484 virorum
410 1425 496 1484 modo
509 1442 631 1503 pugnas,
650 1424 702 1484 sed
714 1434 741 1484 et
753 1424 929 1484 feminarum.
955 1422 1041 1483 Prae-

32 1521 125 1571 terea
139 1509 313 1585 quaestoriis
324 1508 505 1584 muneribus,
525 1511 598 1586 quae
621 1508 688 1567 olim
711 1510 816 1567 omissa
839 1514 1041 1582 revocaverat,

10 1603 16 1640 '·
32 1598 78 1656 ita
92 1609 210 1670 semper
221 1592 359 1668 interluit,
377 1601 406 1651 ut
425 1592 534 1672 populo
554 1600 726 1668 potestatem
742 1592 855 1651 iaceret
874 1591 940 1651 bina
962 1592 1042 1668 paria

35 1698 54 1739 e
72 1693 129 1736 suo
144 1675 211 1734 ludo
224 1675 403 1753 postulandi,
423 1694 515 1754 eaque
533 1676 688 1734 novissima
705 1676 798 1735 aulico
811 1684 951 1752 apparatu
964 1673 1041 1733 indu-

36 1769 135 1822 ceret.
167 1759 212 1818 Ac
232 1778 286 1838 per
309 1777 393 1820 omne
420 1759 610 1837 gladiatorum
638 1759 835 1837 spectaculum
861 1757 1042 1836 antepedes

36 1847 67 1906 ei
90 1842 184 1904 stabat
208 1843 345 1920 puerulus
372 1847 539 1903 coccinatus
564 1861 655 1920 parvo
680 1852 910 1922 portentosoque
937 1843 1042 1919 capite,

38 1945 108 1990 cum
128 1945 185 2006 quo
206 1927 354 2004 plurimum
373 1926 568 2001 fabulabatur,
587 1944 795 2003 nonnumquam
822 1928 911 1984 serio.
956 1923 1042 1982 nuut-

10 2022 89 2074 ttns
109 2020 155 2070 est
174 2020 265 2088 certe,
284 2010 349 2070 dum
367 2029 403 2072 ex
421 2029 457 2071 eo
476 2012 595 2089 quaerit,
616 2010 725 2088 ecquid
736 2010 840 2083 sciam,
858 2027 914 2067 cnr
925 2006 987 2065 sibi
997 2006 1040 2065 oi·

37 2113 112 2157 enm
128 2101 208 2154 esset
226 2094 422 2156 ordinatione
440 2093 589 2173 proximo
610 2092 747 2171 Aegypto
761 2092 935 2169 praeficere
956 2089 1041 2149 illoc·

40 2179 126 2241 dum
139 2177 264 2255 Rasum.
296 2178 393 2238 Edidit
411 2178 521 2238 navalis
543 2195 654 2255 pugnas
672 2194 765 2255 paene
784 2178 919 2234 iustarum
943 2173 1041 2233 classi-

40 2281 101 2339 um,
122 2262 231 2322 effosso
250 2272 279 2322 et
296 2263 514 2322 circumstructo
535 2262 611 2321 iuxta
637 2260 763 2319 Tiberim
789 2259 869 2334 lacu,
894 2267 979 2336 atque
1002 2257 1042 2314 in·

41 2355 90 2406 ter
104 2346 243 2406 maximos
262 2345 368 2406 imbres
387 2347 594 2425 perspectauit,

10 2444 33 2491 Ι
108 2429 192 2489 Fecit
209 2439 238 2488 et
254 2429 338 2491 ludos
356 2430 545 2505 Saeculares,
571 2436 734 2506 computata
751 2428 863 2486 ratione
884 2434 1043 2503 temporum

42 2513 81 2574 ad
99 2530 202 2573 annum
219 2531 276 2572 non
297 2532 353 2592 quo
373 2513 508 2574 Claudius
529 2515 676 2591 proxime,
700 2510 752 2570 sed
777 2527 833 2587 quo
859 2509 926 2568 clim
946 2507 1043 2582 Augu·

43 2607 107 2658 stus
126 2595 267 2667 ediderat;
285 2599 313 2657 in
331 2599 366 2657 iis
385 2599 554 2658 circensium
574 2597 629 2672 die,
647 2612 703 2674 quo
722 2595 835 2655 facilius
854 2602 966 2652 centum
978 2591 1043 2649 mis-

44 2700 96 2742 sus
108 2690 334 2758 peragerentur,
348 2681 479 2759 singulos
498 2700 513 2740 a
530 2682 657 2759 septenis
678 2680 779 2758 spatiis
799 2677 833 2736 ad
853 2678 936 2756 quina
956 2673 1043 2732 corri-

67 2767 117 2823 uit.
471 2766 472 2770 ’

10 2784 64 2915 ap
109 2846 232 2907 instituit
250 2857 278 2907 et
291 2848 503 2927 quinquennale
516 2855 660 2906 certamen
674 2844 839 2925 Capitolino
851 2841 914 2901 lovi
926 2839 1045 2917 triplex,

43 2931 185 2992 musicum
198 2941 333 3010 equestre
346 2932 522 3008 gymnicum,
535 2938 564 2990 et
576 2931 721 3008 aliquanto
740 2927 861 3006 plurium
873 2941 957 3002 quam
970 2939 1045 2980 nunc

45 3024 93 3076 est
112 3031 294 3074 coronarum.
337 3013 491 3074 Certabant
517 3015 591 3073 enim
615 3023 644 3072 et
662 3029 751 3090 prosa
775 3010 907 3069 oratione
933 3004 1044 3066 Graece

10 3176 18 3183 ,
44 3098 223 3177 Latineque,
250 3117 284 3158 ac
302 3107 419 3179 praeter
442 3096 627 3157 citharoedos
654 3092 912 3155 chorocitharistae
931 3104 1045 3165 quoque

10 3188 26 3263 'g'
47 3191 78 3243 et
96 3182 354 3260 psilocitharistae;
374 3184 401 3242 in
421 3182 513 3240 stadio
532 3199 604 3240 vero
618 3197 703 3239 cursu
717 3179 799 3236 etiam
812 3174 952 3250 virgines.
975 3169 1051 3229 Ger«

10 3264 145 3343 sstamini
163 3265 311 3346 praesedit
328 3264 492 3346 crepidatus
511 3280 713 3344 purpureaque
732 3261 850 3319 amictus
869 3266 939 3333 toga
957 3253 1053 3314 Graa-

10 3410 25 3417 ,,
49 3352 161 3427 canica,
180 3352 276 3429 capite
294 3360 413 3428 gestans
432 3367 568 3410 coronam
588 3364 702 3407 auream
720 3362 783 3403 cum
802 3341 902 3417 elligie
920 3338 999 3401 louis
1010 3353 1046 3397 ac

10 3450 26 3505 ι·
47 3433 165 3494 lunonis
181 3435 402 3512 Minervaeqne;
432 3432 626 3493 adsidentibus
643 3428 717 3488 Diali
736 3425 890 3487 sacerdote
909 3432 937 3483 et
956 3421 1044 3482 colle·

10 3508 32 3709 db
49 3519 99 3593 gio
119 3518 288 3580 Flauialium
305 3518 369 3597 pari
388 3516 495 3593 habitu,
514 3517 568 3577 nisi
587 3512 663 3593 quod
680 3512 794 3571 illorum
815 3509 933 3654 pprpnis
954 3506 1046 3565 iuerat

23 3714 34 3893 l
