2286 3944
403 165 609 214 PRAEFATIO.
912 170 957 217 LV

52 325 202 388 Senatorio
230 324 375 398 possidet,
406 324 479 378 unde
506 325 637 381 nonnulla
664 325 806 399 excerpsit
833 326 953 397 Ernesti,

51 413 133 487 plura
149 405 488 478 baumgartencrusiusl
506 424 531 478 p.
545 406 616 462 XVI.
628 407 696 465 XLII
712 410 845 482 prodidit,
863 410 953 466 omnia

52 493 238 552 amicissimus
261 490 477 545 'theodorus
498 489 657 547 lloebius
677 509 781 549 mecum
805 493 954 550 communi-

53 579 139 635 cavit.

118 661 256 730 Vulgatae
272 655 399 712 lectionis
413 655 580 728 principium
594 655 721 715 Aldina
735 668 778 715 est
792 661 897 730 editio,
919 661 953 716 ab
973 659 1057 722 atqua

54 745 130 801 Addo
152 743 200 797 l'io
220 739 339 796 llanntio
364 739 521 795 et'loanne
544 739 667 811 baptista
690 741 807 812 lignatio
828 744 954 800 Venetiis
978 710 1056 752 ‘dm'

55 847 82 884 a.
104 831 169 886 1508
184 831 278 881 curata
290 828 319 878 et
332 822 412 878 Plinii
427 822 554 895 epistolis
569 822 706 879 adiuncta.
738 825 781 881 Ad
801 843 860 881 eam
873 843 952 897 prae-

56 909 206 984 parandam
230 907 354 963 editores
375 921 430 961 nou
452 905 557 977 scripto
574 907 691 977 quodam
712 908 786 964 libro
810 925 876 964 usos
893 925 955 964 esse

56 992 203 1061 existimo,
225 1006 318 1047 verum
337 988 425 1044 tribus
441 989 611 1045 editionibus
629 1007 696 1060 quas
718 993 799 1048 modo
815 991 956 1064 principes

56 1077 132 1144 dixi,
148 1072 346 1131 diuersissimis
360 1071 433 1127 inter
448 1089 497 1142 se,
512 1075 678 1144 comparatis
695 1081 722 1130 et
737 1076 816 1146 qnasi
832 1075 859 1129 in
875 1091 956 1130 unum

54 1158 168 1217 collatis
184 1158 308 1218 libellum
324 1154 539 1211 emendatiorem
553 1156 749 1228 reddiderunt,
771 1175 851 1230 quum
868 1175 956 1230 usque

55 1260 92 1300 eo
109 1242 198 1298 editus
215 1243 314 1296 luerat.
344 1239 378 1293 Et
394 1239 597 1295 fundamentum
611 1239 804 1313 impressionis
819 1239 957 1298 Venetam

53 1345 81 1383 a.
104 1332 170 1386 1474
187 1341 250 1380 esse
268 1323 430 1392 volucrunt,
448 1321 476 1378 id
495 1323 568 1394 quod
581 1339 616 1378 ex
630 1325 792 1394 quibusdam
809 1325 892 1380 rebus
908 1341 957 1380 ex-

53 1409 130 1481 iguis
146 1425 216 1480 quae
233 1407 330 1463 oculos
345 1405 447 1461 >tallere
463 1407 564 1475 solent,
584 1406 692 1464 litteras
711 1409 774 1464 dico
791 1408 836 1464 vel
854 1409 955 1464 maius·

53 1494 135 1548 cules
153 1493 197 1548 vel
214 1489 397 1557 minusculas,
418 1488 631 1560 interpungendi
647 1491 746 1562 signa,
763 1491 830 1547 vitia
848 1507 957 1563 quoque

53 1647 145 1697 uerat,
175 1636 220 1686 clr.
247 1636 388 1688 casauboni
412 1635 532 1701 epistolae
559 1635 598 1686 ed.
626 1635 766 1702 Graev.„p.
790 1637 832 1689 31.
864 1639 958 1688 Verum

53 1724 80 1757 a„
100 1705 165 1756 1610
183 1704 346 1755 Casanbonus
364 1703 397 1753 nd
416 1717 517 1752 menum
541 1703 590 1753 sibi
607 1704 686 1755 misse
701 1713 805 1756 testatur
823 1707 957 1756 editionem

52 1789 114 1826 cum
133 1773 228 1822 burelli
242 1771 351 1823 Victoris
369 1772 430 1820 viris
449 1771 588 1822 illustribus
605 1774 762 1822 coniunctum
780 1782 805 1823 et
822 1773 958 1824 Mediolani

54 1859 103 1911 per
124 1842 196 1891 Alex.
216 1841 382 1890 Minutianum
400 1847 457 1888 ante
478 1847 571 1889 centum
593 1848 618 1890 et
636 1849 690 1891 octo
711 1857 790 1892 annos
813 1843 829 1891 i.
851 1857 873 1891 e.
891 1855 957 1890 anno

56 1911 125 1962 1502
141 1923 272 1970 excusam,
294 1908 425 1972 quaesibi
447 1909 534 1973 scripti
552 1908 607 1958 libri
623 1910 702 1959 instar
718 1909 821 1962 luisset.
858 1911 956 1959 Plerae-

55 1995 108 2044 que
130 1977 249 2027 lectiones
275 1978 307 2027 ab
325 1990 355 2027 eo
374 1983 578 2026 commemoratas
601 1977 736 2041 pluresque
762 1978 869 2028 omissas
888 1978 956 2027 Bon·

55 2047 138 2114 garsii
156 2060 232 2094 manu
254 2045 394 2109 adscriptas
414 2045 495 2107 reperi
513 2043 539 2092 in
558 2045 672 2109 exemplo
692 2045 884 2109 Antuerpiensis
903 2044 956 2094 edi·
1010 2038 1013 2043 ⁴

50 2116 134 2171 aionis
148 2129 172 2167 a.
191 2114 272 2172 1574,
289 2112 356 2176 qnod
371 2112 468 2160 Bernae
487 2118 608 2159 serretur.
647 2113 674 2160 ln
696 2126 726 2161 eo
745 2113 860 2177 exemplo
876 2112 957 2161 littera

56 2185 90 2234 M
106 2198 170 2246 quae
188 2197 220 2231 ex
239 2180 362 2238 editione,
379 2179 461 2227 littera
481 2179 504 2226 P
521 2192 585 2241 quae
604 2194 618 2228 e
636 2179 788 2239 Petariano,
805 2194 871 2228 nunc
889 2179 957 2228 Pari·

55 2256 115 2304 sino
140 2251 225 2301 codice
249 2250 342 2314 scripto
367 2253 486 2311 excerpta
514 2255 572 2296 eunt
595 2247 793 2314 distinguuntur.
836 2246 957 2296 Bernensl

55 2320 175 2386 exemplo
192 2317 372 2368 -Cesaubonum
396 2329 469 2364 nsum
487 2329 561 2375 esse,
588 2315 663 2364 tidem
685 2315 781 2366 iaciunt
803 2315 957 2365 coniecturae

54 2390 153 2453 aliquot
179 2386 367 2450 Bongarsianae
394 2401 430 2434 em
452 2383 589 2447 Bonparm·
609 2385 693 2436 coelice
714 2385 745 2435 ab
772 2384 814 2434 illo
836 2383 955 2449 prolatae,

55 2457 209 2508 convincunt
226 2455 266 2504 bic
282 2453 332 2502 illic
350 2461 424 2504 notae
442 2451 472 2501 M
486 2461 510 2501 et
525 2452 548 2499 P
564 2452 684 2504 contusae
702 2453 741 2504 vel
759 2452 857 2504 Pithoei
876 2451 955 2502 codex

56 2540 105 2594 pro
120 2523 254 2574 Petavinno
269 2537 302 2570 ex
316 2521 464 2587 compendio
482 2521 506 2568 P
522 2520 612 2570 iectus.
650 2523 781 2573 Praeterea
799 2536 854 2570 eam
867 2520 955 2570 editio-

56 2607 118 2644 nem
136 2605 209 2641 nemo
229 2590 304 2650 vidit,
328 2604 409 2653 neque
426 2589 502 2638 hodie
519 2589 688 2656 bibliographi
705 2590 781 2640 aliam
792 2589 911 2638 Virorum
925 2587 955 2636 il·

10 2668 14 2673 '
57 2661 175 2713 lustrinrn
197 2659 331 2710 editionem
357 2657 568 2707 Mediolanensem
592 2659 623 2707 ab
647 2659 722 2710 Alex.
748 2657 886 2707 Minutiano
909 2656 956 2704 im·

56 2743 173 2798 pressam
194 2734 285 2778 norunt
305 2726 354 2775 nisi
377 2726 408 2775 de
425 2741 448 2774 a.
471 2724 537 2776 1509
555 2741 660 2790 eamque
676 2725 848 2776 Grammaticis
869 2737 956 2774 caren-

58 2810 118 2849 tem.
156 2797 271 2848 Ceterum
292 2793 340 2844 snit
355 2795 397 2845 illa
414 2808 483 2842 mera
499 2795 612 2859 repetitio
634 2795 790 2846 Florentinae
807 2793 848 2843 vel
866 2790 956 2844 similis

57 2864 179 2926 alicuius,
193 2865 247 2914 sine
259 2863 316 2912 ullis
330 2862 444 2928 vestigiis
462 2877 551 2911 manus
570 2863 752 2917 emendatrlcls.

95 2932 119 2984 3.
141 2932 251 2983 Achilles
268 2931 362 2980 Statius
375 2931 468 2981 ltomne
484 2945 505 2979 a.
523 2930 588 2980 1565
600 2939 708 2981 veterem
724 2931 850 2995 quandam
868 2929 956 2978 editio-

59 3017 119 3053 nem
128 3001 253 3052 consuluit
264 3014 320 3049 cum
333 2999 474 3049 Florentlua
489 2999 582 3061 ubique
600 2998 653 3048 lere
662 2998 875 3055 consentientem,
894 3009 956 3044 non·

59 3085 198 3135 numquam
208 3070 319 3118 Venetae
337 3066 486 3118 Bernnrdinl
505 3066 674 3127 accedentem,
690 3075 718 3117 ut
733 3083 758 3132 p.
772 3064 830 3126 259,
845 3065 879 3114 22
894 3064 957 3113 clu·

58 3139 155 3195 denda·
171 3153 198 3202 p.
212 3137 271 3198 269,
288 3137 322 3186 28
337 3143 435 3199 porta,-
451 3135 497 3184 sed
511 3134 578 3183 baud
595 3135 629 3183 ita
646 3150 702 3185 raro
721 3148 787 3184 nunc
803 3134 829 3182 in
842 3131 957 3182 omitten-

57 3209 100 3258 dis
119 3205 248 3256 vocabulis
264 3205 301 3272 (p.
322 3205 381 3265 261,
400 3204 432 3254 14
447 3211 471 3252 et
491 3203 522 3254 16
539 3204 656 3252 Varrone
671 3212 694 3253 et
714 3203 840 3258 Murena,-
854 3215 879 3266 p.
899 3197 957 3259 264,

57 3278 76 3327 9
92 3291 157 3340 que:
174 3290 199 3340 p.
211 3275 271 3336 271,
292 3273 301 3322 1
307 3272 323 3324 u
338 3273 407 3334 dum)
424 3271 532 3320 nuncin
549 3271 691 3322 nominibus
706 3269 833 3319 mutandis
849 3271 885 3332 (p.
896 3265 957 3317 258.

57 3345 76 3395 6
98 3346 129 3393 L.
143 3343 248 3398 Aetius:
262 3359 286 3408 p.
297 3341 356 3402 263,
368 3343 400 3394 16
413 3339 548 3394 Tubertus:
565 3340 606 3393 21.
618 3338 649 3390 31
662 3340 760 3390 Hirtius
769 3346 792 3388 ct
803 3335 900 3401 Hirtio)
912 3348 957 3386 suo

59 3426 161 3477 qnoque
176 3411 280 3461 arbitrio
296 3418 421 3477 agentern.
