2256 3930
312 279 416 327 muns
432 279 559 327 murum
915 267 934 327 5

86 453 119 492 im
140 435 295 510 rogatione
310 432 404 492 Plotia
420 432 563 510 confecit,
586 431 744 511 habuitque
764 441 792 492 et
808 434 873 511 ipse
888 452 934 493 su-

98 519 269 577 contionem.

86 611 138 680 utor
149 601 249 660 Iuliam
265 604 377 661 amitam
398 617 577 679 uxoremque
594 598 760 660 Corneliam
783 600 963 660 deiunctasti

86 702 184 746 imore
201 703 255 764 pro
271 686 385 746 rostris.
415 683 453 743 Et
472 685 501 742 in
519 686 620 744 amitae
637 684 754 762 quidem
770 684 935 744 laudatione
1089 687 1091 713 ⁸

86 789 110 830 ie
131 771 222 848 patris
251 772 294 830 sui
322 778 443 846 utraque
466 769 581 845 origine
610 770 651 827 sic
673 768 779 829 refert:
814 767 936 829 Amitae
1090 770 1091 777 ’

86 854 133 913 iae
144 860 315 915 motmccm
328 870 426 932 pertus
442 851 482 912 ab
498 851 625 932 repibcs
637 858 754 929 ortum,
771 861 936 930 palmeum

86 937 297 998 inmortalibus
310 937 504 999 coniunctam
518 943 572 997 est.
596 935 677 996 Nom
692 935 732 996 ab
745 934 831 998 Anco
846 935 934 996 Mar-

86 1020 192 1081 llureii
206 1022 323 1102 Reges,
346 1039 405 1100 quo
421 1021 542 1082 nomine
560 1020 623 1098 fuit
636 1028 757 1091 moter,·
778 1037 799 1080 a
822 1018 937 1082 Vertere

86 1106 131 1165 ius
149 1107 248 1184 pectis
261 1106 386 1184 familia
403 1112 449 1164 est
462 1110 583 1165 nostro.
614 1103 673 1164 Est
687 1123 759 1184 erpo
775 1104 807 1164 io
825 1123 937 1184 periere

86 1197 130 1249 tos
154 1208 275 1268 repom,
299 1191 352 1270 qai
373 1188 539 1267 plurimum
561 1190 641 1249 ieter
657 1188 795 1250 homines
805 1189 935 1267 polleat,

87 1275 160 1334 opio
172 1274 314 1349 deorum,
327 1290 456 1353 quorum
468 1273 531 1350 ipsi
545 1275 576 1333 in
585 1279 740 1350 potestate
750 1280 822 1333 sunt
835 1291 935 1353 repes.

86 1359 142 1417 liae
167 1368 262 1419 autem
282 1358 379 1419 locum
403 1357 570 1435 Pompeiam
593 1357 674 1417 duxit
697 1359 794 1434 Quinti
815 1359 937 1436 Pompei

86 1442 205 1502 ‚Sullae
228 1452 360 1521 neptem;
390 1460 453 1500 curn
479 1459 535 1520 qua
558 1441 661 1501 deiude
681 1442 833 1502 divortium
853 1443 934 1518 iecit,

86 1545 116 1585 m
140 1529 273 1605 opinatus
296 1525 431 1586 aPublio
455 1524 575 1602 Clodio,
601 1545 686 1604 quem
707 1529 782 1586 inter
803 1526 936 1606 publicas

86 1617 121 1669 'as
139 1620 311 1689 penetrasse
328 1611 364 1670 ad
385 1627 449 1669 eam
469 1611 600 1670 muliebri
617 1620 702 1671 veste
723 1620 781 1671 tam
798 1621 936 1670 constans
971 1627 974 1634 ·
998 1619 1002 1626 '

88 1741 96 1770 ,
119 1705 148 1754 ut
167 1705 285 1755 senatus
307 1696 507 1774 quaestionem
528 1695 565 1755 de
582 1695 702 1774 pollutis
720 1695 811 1755 sacris
834 1695 934 1754 decre·

86 1864 148 1923 itori
168 1863 290 1924 ulterior
312 1863 452 1943 Hispania
475 1863 610 1934 obvenit3
639 1864 688 1924 ubi
713 1883 776 1924 cum
803 1865 973 1926 mandatut,

86 1946 221 2007 ”dicundo
253 1957 413 2008 conventus
435 1948 599 2008 circumiret
622 1948 767 2027 Gadisque
794 1951 935 2027 venisset,

86 2050 129 2091 rsa
142 2031 217 2109 apud
228 2031 363 2091 Herculis
375 2032 511 2110 templum
518 2032 617 2109 Magni
626 2032 786 2092 Alexandri
800 2033 935 2110 imagine,

86 2124 113 2173 et
131 2118 213 2192 quasi
231 2125 383 2194 pertaesus
406 2116 549 2194 ignaviam
565 2135 663 2191 suam,
688 2115 765 2194 quod
786 2115 855 2175 nihil
870 2117 936 2176 dum

86 2199 202 2258 ,orabilc
224 2208 318 2258 actum
335 2208 413 2258 esset
432 2202 461 2258 in
480 2208 590 2276 aetate,
615 2217 671 2278 qua
695 2202 751 2259 iam
767 2197 937 2260 Alexander

86 2301 186 2342 rarum
208 2283 389 2360 subegisset,
413 2284 580 2351 missionem
596 2285 732 2344 continuo
753 2283 935 2361 efflagitavit,

86 2366 144 2425 idas
170 2385 253 2445 quarn
281 2368 400 2444 primum
426 2368 565 2428 maiorum
587 2386 683 2428 rerum
707 2369 881 2428 occasiones
907 2370 936 2427 in

88 2453 140 2509 iarn
164 2452 313 2510 confusum
336 2470 399 2510 eum
421 2454 534 2511 somnio
556 2453 707 2531 proximae
730 2455 824 2513 noctis
855 2455 935 2533 (narn

86 2544 93 2594 t
116 2553 169 2613 per
192 2538 318 2613 quietem
340 2545 469 2614 stuprum
494 2539 576 2596 matri
600 2536 747 2614 intulisse)
770 2538 935 2596 coiectores

86 2621 183 2679 simam
205 2639 287 2699 spem
308 2621 515 2697 incitaverunt,
533 2621 681 2681 arbitrium
695 2630 838 2681 terrarum
855 2621 935 2680 orbis

86 2705 321 2782 interpretantes,
339 2705 454 2783 quando
470 2715 579 2782 mater,
606 2724 690 2784 quam
706 2704 864 2765 subiectam
880 2705 935 2764 sibi

86 2789 208 2848 nonalia
225 2798 304 2848 esset
319 2807 402 2867 quam
418 2798 513 2867 terra,
530 2807 604 2867 quae
622 2790 746 2850 omnium
762 2807 870 2868 parens
886 2789 934 2848 ha·

86 2871 238 2932 Decedens
251 2890 323 2949 ergo
340 2883 405 2932 ante
420 2882 535 2951 tempus
552 2875 682 2936 colonias
699 2873 813 2933 latinas
830 2872 865 2932 de
883 2891 962 2950 peg

86 2958 154 3016 itate
178 2960 322 3034 agitantes
337 2957 422 3033 adiit,
446 2967 475 3016 et
496 2957 532 3016 ad
550 2959 711 3018 audendum
733 2956 842 3035 aliquid
866 2975 933 3016 con·
1005 2986 1012 2995 r

88 3042 142 3099 nisi
159 3042 295 3101 eonsules
313 3043 496 3120 conscriptas
519 3043 547 3100 in
562 3041 691 3103 Ciliciam
713 3041 848 3117 legiones
866 3059 933 3118 pau·

91 3124 120 3183 id
135 3127 229 3204 ipsum
240 3127 434 3185 retinuissent.

86 3228 108 3268 eo
122 3213 218 3270 secius
234 3211 341 3269 maiora
357 3227 426 3268 mox
441 3211 469 3268 in
485 3209 556 3268 urbe
572 3209 688 3270 molitus
704 3218 757 3268 est.
788 3209 963 3287 Siquidemq

86 3311 118 3352 os
132 3294 194 3354 dies
208 3313 292 3372 quam
305 3293 480 3354 aedilitatem
495 3296 594 3371 iniret,
606 3295 725 3354 venitin
738 3295 934 3372 suspicionem

86 3396 117 3436 se
141 3398 204 3439 cum
220 3380 320 3439 Marco
337 3376 445 3438 Crasso
464 3377 625 3455 consulari,
648 3379 716 3437 item
732 3378 834 3438 Publio
854 3379 934 3438 Sulla

86 3462 151 3522 onio
165 3473 233 3541 post
245 3463 475 3538 designationem
488 3462 655 3523 consulatus
666 3461 788 3524 ambitus
800 3461 933 3523 condem-

94 3547 239 3626 prinoipio
262 3549 327 3606 anni
353 3556 483 3608 senatum
508 3546 709 3627 adorirentur,
737 3558 765 3609 et
785 3547 936 3609 trucidatis
