2256 3930
91 246 149 308 116
179 258 209 307 c.
226 259 377 308 sunroru
392 260 517 320 ranno.
534 261 581 307 nn
597 262 681 309 vrrs
697 260 881 312 cassanum
896 264 971 310 mn.
989 264 1044 311 111.

90 412 238 491 exemplo,
254 422 316 472 ture
330 414 443 492 quidem
458 432 493 474 ac
505 416 573 474 vino
586 433 685 475 verum
695 416 758 475 sine
769 415 887 477 tibicine
900 416 1088 497 supplicavit,

48 505 120 568 71ut
135 496 185 555 ille
202 496 270 555 olim
285 499 314 555 in
331 507 423 556 morte
439 497 499 557 ilii.
544 500 685 559 Sermone
702 498 813 561 Graeco
829 518 1008 581 quamquam
1025 501 1087 561 alio
1121 543 1122 563 ι

90 583 137 659 qui
156 589 305 659 promptus
321 590 350 639 et
366 581 478 658 facilis,
500 599 558 641 non
580 591 673 643 tamen
694 601 785 661 usque
807 602 922 663 quaque
948 603 1021 644 usus
1043 592 1088 661 est,

90 663 280 742 abstinuitque
296 667 418 724 maxime
433 667 461 724 in
477 675 593 735 senatu;
612 666 685 726 adeo
700 666 822 744 quidem,
839 676 870 727 ut
890 668 1089 748 monopolium
1119 693 1122 732 ι

89 750 284 808 nominaturus
300 750 412 808 veniam
434 751 513 828 prius
532 749 704 828 postularet,
728 750 806 828 quod
821 751 876 811 sibi
892 751 992 811 verbo
1010 769 1122 831 percu

89 834 173 910 grino
194 831 328 891 utendum
349 844 442 902 esset;
464 843 549 912 atque
572 835 657 892 etiam
681 851 745 892 cum
767 835 795 893 in
820 834 949 914 quodam
972 835 1087 896 decreto

90 925 200 996 patrum
222 914 372 995 ἔμβλημα
393 918 577 994 recitaretur,
601 917 825 978 commutandam
843 921 961 979 censuit
979 936 1087 994 vocem,

90 1010 119 1061 et
133 1017 186 1079 pro
207 1003 363 1079 peregrina
379 1009 535 1060 nostratem
551 999 753 1079 requirendam
767 1011 815 1061 aut
829 1005 853 1061 si
868 1019 930 1062 non
947 1003 1085 1084 reperire
1117 1030 1122 1068 ι

89 1094 144 1160 tur,
161 1084 208 1143 rel
224 1083 354 1163 pluribus
370 1093 398 1143 et
414 1102 467 1163 per
482 1084 615 1144 ambitum
629 1083 785 1144 verborum
800 1104 861 1146 rem
877 1086 1084 1148 enuntiandam
1117 1114 1122 1152 r

88 1168 207 1230 Militem
219 1184 343 1247 quoque,
361 1167 471 1228 Graece
482 1169 675 1228 testimonium
688 1170 909 1247 interrogatum,
924 1171 982 1230 nisi
995 1169 1094 1231 Latine
1111 1198 1122 1235 ι

90 1251 272 1330 respondere
291 1252 389 1310 vetuit.
1104 1295 1122 1319 „

48 1344 81 1399 it
150 1335 197 1394 Bis
213 1336 327 1394 omnino
343 1343 404 1394 toto
422 1353 558 1394 secessus
574 1344 706 1414 tempore
718 1338 838 1397 Romam
854 1336 956 1397 redire
972 1347 1084 1398 conatus
1118 1364 1122 1420 q

91 1419 197 1500 (semel
220 1419 327 1479 triremi
349 1418 495 1497 usquead
518 1421 665 1496 proximos
688 1419 874 1481 naumachiae
896 1420 1007 1481 hortos
1029 1421 1083 1481 sub
1120 1452 1122 1486 ι

90 1512 208 1579 vectus,
237 1501 376 1581 disposita
400 1503 522 1563 statione
540 1521 594 1581 per
619 1504 698 1582 ripas
717 1503 848 1580 Tiberis,
883 1521 961 1583 quac
980 1505 1083 1566 obvian
1120 1533 1122 1571 ι

90 1586 257 1668 prodeuntis
280 1585 481 1663 submoveret,
510 1589 612 1645 iterum
632 1586 731 1669 lippia
753 1605 843 1666 usque
868 1587 905 1647 ad
935 1590 1082 1668 septimun

89 1669 229 1750 lapidem)
258 1668 310 1729 sed
339 1672 504 1748 prospectis
531 1670 617 1730 modo
638 1689 694 1730 nec
722 1670 804 1732 aditis
827 1670 907 1730 urbis
937 1673 1083 1733 moenibus
1121 1718 1122 1729 ,

89 1754 187 1823 rediit;
204 1755 295 1833 primo
316 1755 454 1813 incertum
470 1771 525 1832 qua
540 1754 576 1813 de
591 1772 688 1832 causa,
704 1763 808 1834 postea
826 1762 944 1816 ostento
961 1758 1081 1818 territus.
1121 1787 1122 1791 =

89 1839 160 1899 Erat
176 1840 202 1897 ci
222 1840 250 1897 in
271 1837 490 1898 oblectamentis
505 1855 627 1917 serpens
643 1838 749 1915 draco,
770 1856 855 1917 quem
872 1856 911 1897 ex
933 1849 1082 1900 consuetu·

89 1924 154 1984 dinc
170 1940 253 1982 manu
269 1939 319 1981 sua
334 1921 479 1982 cibaturus
497 1939 559 1982 cum
572 1931 771 2003 consumptum
786 1940 802 1982 a
815 1921 946 1983 formicis
962 1925 1082 1984 invenis

89 2016 150 2085 set,
173 2006 294 2066 monitus
317 2015 362 2065 est
384 2013 415 2064 ut
435 2007 490 2065 vim
505 2005 690 2066 multitudinis
707 2014 835 2068 caveret.
865 2005 1001 2069 Rediens
1018 2025 1083 2087 ergo

90 2109 217 2171 propere
236 2088 429 2168 Campaniam,
451 2088 576 2150 Asturae
594 2091 621 2150 in
637 2090 807 2169 languorem
822 2090 930 2170 incidit,
945 2110 1008 2171 quo
1024 2110 1084 2173 pau·

87 2177 144 2236 lum
160 2175 272 2235 levatus
287 2172 419 2234 Circeios
437 2173 588 2252 pertendit.
621 2173 666 2234 Ac
682 2193 719 2234 ne
735 2191 820 2253 quam
834 2175 1037 2254 suspicionem
1051 2179 1084 2236 in·

88 2260 226 2319 firmitatis
246 2257 337 2335 daret,
360 2258 553 2318 castrensibus
571 2257 646 2318 ludis
666 2277 724 2319 non
741 2267 848 2319 tantum
870 2259 1015 2338 interluit,
1041 2258 1087 2320 sed

88 2344 173 2402 etiam
188 2343 304 2401 missum
317 2344 345 2401 in
362 2342 496 2402 harenam
509 2360 608 2421 aprum
619 2343 721 2403 iaculis
735 2341 862 2422 desuper
872 2343 961 2422 petit;
983 2347 1086 2406 statim·

89 2444 144 2505 que
164 2426 256 2485 latere
273 2425 412 2485 convulso
431 2435 470 2504 et,
493 2435 523 2486 ut
538 2435 737 2503 exaestuarat,
760 2425 873 2486 alilatus
890 2445 961 2486 aura
978 2430 1008 2488 in
1026 2447 1086 2506 gra·

88 2511 198 2568 viorem
214 2509 317 2568 recidit
330 2510 468 2570 morbum.
496 2512 672 2572 sustentavit
689 2520 782 2571 tamen
800 2510 976 2588 aliquandiu,
995 2531 1087 2592 quarn·

89 2593 132 2652 vis
141 2591 280 2651 llisenum
290 2611 381 2670 usque
394 2593 532 2655 devectus
545 2594 614 2654 nihil
627 2614 664 2655 ex
680 2593 781 2654 ordine
798 2595 943 2655 cotidiano
957 2606 1087 2674 praeter·

88 2678 231 2752 mitteret,
250 2694 286 2734 ne
303 2678 436 2738 convivIa
452 2679 566 2757 quidem
582 2687 629 2738 aut
645 2687 760 2738 ceteras
775 2678 961 2759 voluptates,
988 2683 1089 2759 partin

88 2761 307 2840 intemperantia
326 2762 426 2839 partim
446 2761 682 2822 dissimulatione.
725 2761 797 2822 Nam
819 2760 978 2823 Chariclen
1002 2764 1088 2824 medi·

90 2864 169 2922 cum,
194 2843 269 2923 quod
292 2854 449 2905 commeatu
470 2847 597 2906 aiuturus
615 2865 631 2906 e
651 2847 785 2906 convivio
803 2845 960 2924 egrediens
977 2866 1088 2909 manum

89 2931 144 2991 sibi
160 2929 307 2989 osculandi
326 2947 412 2990 causa
426 2930 680 3009 apprehendisset,
697 2930 863 2991 existimans
879 2939 1039 3010 temptatas
1057 2932 1087 2993 ab

90 3034 125 3077 eo
142 3032 241 3091 renas,
261 3032 410 3074 remanere
433 3033 467 3073 ac
488 3015 658 3074 recumbere
674 3014 806 3074 hortatus
824 3023 882 3092 est,
908 3033 1087 3097 saeuamque
1105 3078 1109 3097 ,

89 3101 240 3182 protraxit.
275 3098 339 3158 Nec
357 3097 490 3158 abstinuit
506 3098 712 3158 consuetudine
732 3099 799 3177 quin
818 3108 886 3158 tuuc
906 3116 1029 3179 quoque
1052 3104 1107 3171 int

90 3196 168 3247 stans
191 3184 219 3242 in
237 3183 330 3242 medio
355 3182 496 3257 triclinio,
516 3191 626 3242 astante
642 3183 763 3259 lictore,
782 3183 913 3261 singulos
928 3185 1034 3244 valere
1052 3185 1086 3244 di·
1100 3218 1109 3249 ,ι

45 3270 182 3340 73centis
199 3268 369 3346 appellaret.
409 3266 525 3326 lnterim
542 3285 605 3325 cum
620 3268 648 3324 in
666 3268 736 3325 actis
753 3278 869 3327 senatus
885 3267 1030 3345 legisset,
1050 3269 1084 3329 di·

90 3357 194 3412 missos
211 3370 246 3411 ac
263 3370 299 3410 ne
313 3351 425 3410 auditos
443 3351 556 3429 quidem
575 3350 712 3429 quosdam
735 3368 813 3427 reos,
835 3351 870 3410 de
895 3351 1001 3429 quibus
1027 3355 1086 3414 stri·
1120 3373 1122 3419 ι

93 3440 158 3495 otim
183 3444 210 3493 et
231 3435 298 3494 nihil
314 3434 389 3494 aliud
405 3453 488 3512 quam
507 3439 665 3495 nominatos
683 3433 717 3494 ab
734 3435 827 3495 indIce
844 3437 1017 3513 scripserat,
1037 3453 1086 3516 pro
1119 3466 1122 3504 ι

93 3527 257 3595 contempto
286 3537 317 3577 se
343 3518 469 3578 habitum
496 3520 622 3579 fremens
650 3527 787 3597 repetere
813 3517 942 3598 Capreas
971 3538 1085 3601 quoquo
