2286 3944
150 247 212 312 306
417 255 448 304 c.
472 256 636 303 sumnum
655 255 874 315 annuamus

212 412 361 490 lleropesl
382 409 527 487 galbeoli,
543 418 573 467 ut
590 418 671 487 putat
692 408 887 486 Tranquillus.
917 410 982 470 llae
1005 414 1135 488 genitore

151 515 221 559 suos
235 494 396 555 recondunt
416 495 472 552 iam
490 510 577 552 senes
593 502 623 550 et
638 493 720 551 alere
738 493 869 552 dicuntur
889 494 919 552 in
938 495 1135 556 similitudinem

149 581 275 721 riparipe
300 579 379 720 ιιιῑιέ
397 594 482 720 'pplpp
503 577 533 718 ip
553 577 746 718 ⁸⁹⁰⁰¹¹flljj
766 576 910 719 pidilicag,
930 587 963 636 ut
980 579 1011 637 iu
1024 578 1097 638 libro
1110 578 1135 637 X.

152 670 329 822 blida.
347 676 718 812 nt........²'t.t⁸t.
735 677 856 802 ιβ·
901 678 987 740 ⁶⁰'⁹·
1005 672 1034 736 ⁴’
1048 672 1085 722 ¹⁴
1099 661 1135 720 ⁶³·

215 829 369 890 Suetonius
383 824 565 903 Tranquillus
580 826 650 885 dicit
673 826 875 904 Parthenopen
897 829 1031 886 Sirenem
1051 828 1135 905 sepul·

152 924 209 975 tam
229 915 257 971 in
280 910 455 988 Campaniae
475 909 576 984 litore,
602 927 618 968 a
641 911 721 968 cuius
737 911 849 968 nomine
871 909 1015 988 Neapolis
1032 911 1135 970 Partbe«

151 1015 230 1075 nope
255 996 381 1054 uocitata
402 994 588 1051 existimatur.
636 991 764 1053 Scholia
784 990 960 1053 Bernersaia
987 994 1032 1054 ad
1060 992 1135 1072 Vero.

152 1081 263 1158 Georp.
280 1087 310 1152 4,
327 1085 388 1137 564
404 1075 451 1135 ed.
469 1074 591 1136 liniter.

215 1161 369 1235 Corycium
390 1160 501 1237 senem]
525 1177 578 1236 per
599 1159 745 1218 transitum
765 1160 855 1235 tangit
875 1159 1025 1220 historiam
1042 1179 1135 1220 memo·

151 1256 275 1307 ratama
298 1243 448 1301 Suetonio.
489 1241 645 1318 Pompeius
670 1243 744 1300 enim
769 1243 854 1300 victis
879 1244 982 1320 piratis
1009 1242 1135 1303 Cilicibus

151 1331 253 1409 partim
270 1328 298 1385 iu
313 1323 425 1400 Cilicia,
442 1325 544 1400 partim
560 1326 588 1382 iu
604 1323 735 1400 Graecia,
750 1326 896 1403 partimin
911 1325 1047 1387 Calabria
1062 1344 1135 1404 agros

151 1413 238 1472 dedit.
267 1407 397 1468 Serviat
411 1407 455 1466 ud
474 1405 563 1486 Verp.
582 1407 816 1488 Georp.4‚127.

212 1492 303 1551 Homo
323 1490 444 1549 rebellis
465 1491 586 1566 dicitur,
603 1510 651 1550 res
675 1494 737 1569 ipsa
751 1491 893 1566 rebellio,
910 1510 968 1551 nou
984 1493 1133 1553 rebellatio

151 1578 201 1636 Sic
216 1575 381 1634 Suetonius.
410 1572 538 1634 Servius
551 1574 596 1632 ad
610 1573 697 1653 Verp.
713 1572 789 1634 Aen.
807 1583 854 1651 12,
875 1583 942 1635 185.

215 1659 345 1735 Scriptor
360 1657 509 1734 librarius}
540 1657 711 1735 bibliopola,
726 1659 766 1716 uti
781 1667 899 1718 veteres
914 1660 1059 1737 dicebaut,
1073 1659 1135 1737 quod

103 1799 106 1802 ι
152 1752 181 1802 et
195 1741 378 1820 Tranquillus
394 1740 524 1799 affirmat.
557 1740 685 1802 Scholia
700 1741 743 1800 ad
755 1739 881 1802 Horatii
896 1749 996 1804 artem
1007 1762 1060 1822 po.
1079 1751 1132 1804 354

214 1842 331 1903 Emeriti
348 1858 414 1918 pars
429 1840 525 1900 ultima
539 1839 621 1916 iuris}
644 1838 785 1915 significat
802 1838 1003 1915 congluviales
1019 1839 1100 1914 dies,
1117 1847 1135 1896 ut

153 1930 192 1988 ait
213 1927 384 2000 Suetonius,
402 1925 431 1982 in
453 1923 554 2001 quibus
572 1921 649 2001 quod
669 1931 734 1980 ante
749 1922 937 1980 intermissum
953 1923 1050 1982 iuerat
1064 1939 1135 2000 gere·

153 2013 246 2071 batur.
276 2008 404 2069 Sebolia
419 2007 461 2067 ad
473 2005 631 2066 bacanom
646 2015 674 2080 5,
694 2014 711 2065 7
726 2005 772 2064 ed.
795 2003 912 2065 Weber.

216 2111 296 2170 Ponti
313 2109 408 2186 belua}
429 2108 608 2174 crocodilum
628 2107 706 2166 oanis
725 2105 887 2184 Aegyptius
908 2105 1008 2165 lambit
1023 2115 1052 2164 et
1067 2105 1135 2182 iugit

152 2195 229 2255 Dicit
245 2193 409 2252 Suetonius.
441 2190 568 2251 Sabalia
594 2190 638 2249 ad
657 2187 815 2250 munuum
837 2197 866 2265 8,
883 2197 943 2250 764
960 2188 1009 2248 ed.
1029 2187 1133 2249 Weber

152 2278 192 2357 cf.
202 2276 364 2337 Phaedrus
375 2273 442 2353 fab.
452 2284 476 2349 1,
492 2283 537 2333 25.

213 2374 349 2433 Inchoavi
366 2372 400 2429 ab
418 2371 534 2449 inchoo]
554 2371 602 2428 Sic
618 2369 766 2428 dicendum
785 2377 863 2446 putat
883 2367 973 2428 lulius
987 2369 1135 2429 Modestus.

151 2458 216 2535 quia
238 2457 275 2513 sit
297 2457 487 2531 compositum
508 2473 522 2512 a
548 2451 644 2527 Chao,
664 2453 743 2511 initio
770 2470 875 2512 rerum.
912 2452 951 2511 At
975 2453 1097 2512 Verrius
1117 2461 1135 2510 et

149 2539 272 2599 Flaccus
298 2538 324 2594 in
346 2546 492 2613 postrema
515 2535 626 2610 syllaba
652 2536 832 2613 aspirandum
855 2534 1069 2613 probaverunt;
1097 2552 1135 2594 eo·

150 2624 214 2684 hum
236 2623 309 2680 euim
330 2620 405 2696 apud
425 2628 542 2678 veteres
557 2619 688 2677 mundum
702 2617 860 2695 significat,
885 2618 950 2677 inde
967 2629 1088 2680 tractum
1105 2620 1135 2676 in·

151 2707 267 2767 cobare.
305 2702 486 2779 Tranquillus
510 2720 624 2779 quoque
646 2702 689 2760 his
712 2703 875 2761 adsentiens
892 2702 994 2763 libello
1015 2720 1068 2762 suo
1084 2701 1135 2781 ple

151 2791 266 2850 nissime
283 2787 383 2847 aedem
397 2786 557 2844 incohatam
573 2788 611 2844 ita
628 2786 771 2844 disseruit.
800 2785 964 2846 Diomedes
977 2793 1078 2864 pade
1092 2785 1123 2845 P.

220 2887 275 2936 Non
295 2887 348 2934 sine
371 2884 471 2934 fastidio
491 2900 519 2933 ac
538 2885 619 2933 solum
636 2893 739 2949 propter
756 2886 883 2934 raritatem
896 2884 1072 2949 exemplorum
1088 2884 1135 2934 sub

151 2957 281 3007 iunximus
292 2954 389 3003 misello
402 2961 531 3018 excerpta,
552 2967 614 3015 quae
628 2951 833 3016 splendidissima
845 2951 1005 3003 Palaemonis
1024 2960 1048 3002 et
1068 2953 1135 3002 'Pran-

151 3024 220 3088 quilli
234 3024 335 3074 uomina
348 3037 409 3087 prae
423 3037 451 3071 se
465 3020 562 3080 lerunt,
575 3020 621 3069 sed
632 3019 713 3068 bonae
727 3018 810 3085 frugis
823 3035 912 3086 parum
929 3020 1067 3070 continent.
1103 3019 1135 3070 Us

150 3107 237 3142 sumus
259 3092 346 3139 eodem
366 3091 450 3140 codiee
468 3087 688 3153 llloutepessulano
706 3089 800 3137 saeculi
823 3103 862 3148 rx,
882 3089 950 3138 unde
966 3089 1135 3138 Dorrillinsn

151 3159 217 3211 1749
235 3159 344 3224 protulit.

211 3240 464 3299 Differentiae
483 3257 685 3298 sermonum
704 3239 835 3297 Remmi
851 3236 1091 3298 Palaemonis
1105 3256 1135 3296 er

149 3322 249 3381 libro
266 3322 651 3401 SuetoniTranquilli
674 3323 732 3400 qui
749 3320 1134 3381 inscribiturPratum

211 3404 288 3462 luter
309 3415 423 3480 gnatum
445 3416 473 3464 et
494 3407 600 3483 natum]
616 3415 718 3482 gnatus
736 3406 844 3482 estqui
862 3423 899 3462 ex
917 3405 1016 3482 aliquo
1035 3424 1135 3481 generi

97 3482 100 3490 ’
149 3486 240 3546 eflicit
262 3486 387 3562 aliquem
409 3498 555 3565 parentem
581 3491 644 3563 ipse
667 3489 829 3564 nascendo,
851 3497 934 3546 natus
957 3499 1003 3547 est
1025 3490 1052 3547 in
1074 3488 1135 3547 sulti
