2286 3944
370 68 475 141 {ingenii
494 66 540 121 rel
558 66 625 122 artis
639 64 684 121 vei
699 64 833 121 fortunae
850 63 1000 139 superfuit
1019 72 1058 121 et.
1080 79 1138 138 quo

369 166 422 207 est.
443 152 468 205 iu
486 150 622 225 irnperio:
642 146 754 223 quaudo
773 148 903 223 privatus
919 155 1004 221 atque
1023 147 1139 202 etiams

371 238 434 311 ripe
450 250 486 289 ne
503 232 570 289 odio
585 230 710 307 quidem.
727 230 831 287 nedum
846 230 1060 306 uituperatione
1078 228 1138 306 pub

337 334 353 383 ς
430 314 521 373 Natus
539 324 581 371 est
598 313 647 371 111.
664 313 700 372 1ss
727 313 787 372 lau.
811 315 916 388 insigni
941 329 1013 369 auno
1030 312 1138 371 Gaiana

370 402 582 475 Septiaruiunt.
607 397 732 455 sordidis
750 396 886 455 aedibus.
913 395 1047 454 cubiculo
1068 413 1141 453 vero

371 484 512 541 ¹t'oscuro:
533 484 612 557 (nant
628 492 724 537 manet
741 480 834 538 adhur
850 490 878 537 et
894 479 1068 555 ostenditur)
1091 478 1140 537 ed

371 584 432 625 euru
445 564 610 621 Britannico
627 563 720 621 simul.
737 582 771 621 ac
790 564 907 641 paribus
926 563 1085 640 disciplinis
1107 572 1136 620 et

367 650 521 721 magistro:
538 648 690 704 isntitutus.
723 647 788 745 Quo
807 648 919 724 quidern
934 658 1064 743 teuppore
1081 649 1138 705 aiu

369 906 494 955 ceterurr.
512 895 613 955 Titunt
631 900 678 975 qui
694 908 761 956 tuuc
777 916 872 976 prope
887 898 1014 971 astabat,
1035 900 1133 976 utique

368 981 456 1041 Erant
473 990 566 1038 autem
585 982 658 1040 adeo
674 982 842 1057 familiares,
856 992 886 1040 ut
902 982 938 1041 de
953 985 1090 1060 potione.
1113 1001 1143 1059 qt

368 1066 468 1125 hausta
484 1066 584 1143 periit.
600 1065 682 1125 Titus
704 1084 820 1143 quoque
846 1069 923 1125 iuxta
949 1065 1057 1124 cubans
1074 1075 1140 1141 gust

370 1152 510 1227 grauique
525 1150 628 1209 morbo
646 1149 808 1209 adflictatus
826 1150 882 1209 diu.
924 1150 1052 1223 Quorum
1074 1167 1139 1208 omn

370 1252 441 1309 naor,
458 1242 578 1293 statuam
593 1238 619 1294 ei
635 1252 750 1293 auream
763 1236 791 1292 in
804 1234 913 1293 Palatio
928 1235 1036 1312 posuit,
1052 1243 1081 1291 et
1094 1233 1143 1291 ait

372 1326 546 1396 equestrem,
566 1338 639 1397 quae
654 1317 785 1378 circensi
801 1335 909 1396 pompa
924 1316 1070 1394 hodieque
1087 1336 1141 1395 pra

339 1412 357 1465 3
372 1404 447 1461 cavit
462 1412 693 1481 prosecutusque
709 1411 765 1461 est.
803 1402 836 1461 ln
851 1419 942 1480 puero
957 1402 1051 1459 statim
1067 1418 1138 1478 corp

371 1486 456 1545 dotes
473 1486 714 1563 explenduerunt.
729 1488 879 1563 magisque
896 1504 931 1544 ao
945 1486 1037 1561 magis
1051 1484 1136 1542 deinc

371 1572 406 1627 tis
422 1568 544 1644 gradus:
561 1570 653 1629 forma
670 1571 792 1645 egregia
808 1579 837 1628 et
852 1570 897 1628 cui
913 1586 970 1628 non
984 1570 1076 1627 minus
1092 1586 1143 1626 aa

370 1658 415 1709 set
433 1668 517 1727 quatu
533 1654 661 1727 gratiae,
678 1656 865 1729 praecipuum
879 1652 984 1729 robur,
1003 1670 1136 1729 quamqu

370 1750 437 1793 cera
453 1740 561 1792 statura
577 1744 606 1793 et
619 1744 721 1793 ventre
739 1736 825 1813 paulo
840 1739 1033 1814 proiectiore3
1049 1753 1142 1794 mento

370 1816 504 1877 docilitas
518 1816 553 1875 ad
568 1820 660 1877 omnis
676 1819 740 1877 iere
756 1828 813 1877 tuna
830 1820 900 1879 belli
917 1830 973 1878 turn
988 1822 1069 1899 pacis
1088 1828 1143 1878 art

370 1912 400 1962 et
422 1900 565 1979 equitandi
590 1902 795 1979 peritissimus,
815 1903 916 1962 Latine
931 1904 1119 1982 Graeceque,

371 1985 418 2045 vei
436 1988 462 2045 iu
479 1985 619 2061 lingendis
635 1985 826 2065 poematibus,
845 1997 997 2066 promptus
1012 1996 1041 2045 et
1055 1987 1143 2046 iaciii·

371 2069 512 2129 ralitatern
530 2088 636 2149 usque;
655 2069 707 2130 sed
724 2088 761 2128 ne
775 2073 902 2131 musicae
920 2071 1034 2148 quidem
1048 2071 1127 2129 rudis

372 2162 417 2202 rtet
432 2163 461 2202 ot
477 2153 617 2203 nunidem
638 2153 759 2202 inmunde.
782 2156 966 2202 antonem-mm
1021 2154 1046 2202 dd
1069 2154 1142 2202 niem
