2286 3944
265 39 294 71 Μ
309 39 610 137 valescentibus
541 75 628 147 vitiis,
631 39 792 132 iocularia
797 81 826 131 et
815 39 981 133 latebras
986 39 1137 133 omisit*¹
1095 93 1134 132 nu

309 158 459 220 simulandi
473 176 541 217 cura
556 157 590 217 ad
610 157 718 215 maiora
733 155 827 233 palam
844 158 947 234 erupit.

371 243 480 322 Epulas
495 261 511 302 a
526 240 620 301 medio
637 239 684 299 die
703 238 738 299 ad
749 240 869 299 mediam
881 250 996 300 nootem
1009 241 1141 319 protrah·

308 337 353 388 tus
368 329 485 406 saepius
502 326 601 386 calidis
617 325 734 403 piscinis
753 342 787 383 ao
809 332 939 402 tempore
961 326 1071 385 aestivo
1094 327 1138 383 ui

308 411 474 488 uitabatque
489 426 696 487 nonnumquam
713 415 743 466 et
762 409 790 466 in
811 406 940 486 publico,
962 409 1128 468 naumachia

308 495 355 553 vel
370 495 470 554 blartio
492 510 594 569 eampo
616 491 663 550 vel
687 493 765 551 tirno
786 493 919 567 maximo,
942 494 1017 551 inter
1036 502 1135 552 scorto

307 576 386 635 urbis
412 584 440 633 et
466 573 676 634 ambubaiarum
700 576 865 635 ministeria.
910 576 1050 650 Quotiens
1070 575 1143 635 Osti

307 658 447 717 deflueret
462 667 509 718 aut
522 657 659 716 Baianum
675 659 764 717 sinum
781 661 1056 736 praeternavigaret‚
1076 661 1141 738 disp

306 742 391 801 litora
416 750 445 800 et
479 742 559 819 ripas
591 740 777 801 deuersoriae
804 743 941 803 tabernae
970 744 1127 823 parabantu

306 842 399 902 ganea
416 832 445 883 et
459 833 650 883 matronarum
665 826 806 884 institorio
831 844 921 904 copas
943 829 1107 887 imitantium
1137 867 1141 879 ,

305 906 371 967 inde
385 907 558 968 hortantium
574 917 604 966 ut
619 908 791 986 appelleret.
835 910 985 971 indicebat
999 921 1028 970 et
1039 911 1138 970 famili

305 1010 369 1069 nas,
387 1009 506 1072 quorum
521 992 568 1049 uni
581 992 710 1051 mitellita
726 992 900 1070 quadragies
916 997 1050 1054 sestertio
1064 1012 1134 1054 cons

305 1076 398 1154 pluris
414 1076 559 1174 aliquanto
574 1077 695 1135 rosaria.

270 1187 306 1243 23
370 1161 488 1237 Super'
480 1176 669 1235 ingenuorum
684 1161 868 1239 paedagogia
886 1170 915 1219 et
929 1169 1079 1238 nuptarum
1096 1178 1143 1220 cor

306 1242 418 1303 Vestali
439 1243 544 1320 virgini
565 1243 691 1303 Rubriae
713 1248 769 1304 vim
790 1244 897 1320 intulit,
921 1245 1016 1303 Acten
1034 1244 1138 1304 liberta

304 1326 374 1387 aluit
388 1328 456 1405 quin
472 1328 546 1386 iusto
563 1327 616 1387 sibi
636 1330 815 1387 matrimonio
836 1329 1035 1405 coniungeret,
1057 1347 1116 1388 sum
1134 1355 1138 1383 t

305 1408 490 1471 sularibus
463 1413 531 1470 viris
550 1414 596 1490 qui
617 1413 701 1488 regio
722 1430 832 1490 genere
857 1421 948 1471 ortam
974 1414 1140 1489 peierarent

305 1496 429 1573 Sporum
445 1496 558 1554 exectis
575 1494 696 1555 testibus
718 1497 802 1555 etiam
822 1498 850 1554 in
871 1494 1039 1554 muliebrem
1059 1506 1141 1556 natur

304 1578 431 1655 figurare
446 1585 576 1655 conatus,
594 1596 657 1638 oum
672 1578 739 1638 dote
757 1589 786 1638 et
800 1579 930 1639 flammeo
945 1597 1000 1657 per
1017 1579 1139 1639 sollemn

303 1678 365 1721 rum
389 1660 580 1721 celeberrimo
604 1663 701 1721 oiiioio
723 1663 874 1722 deductum
896 1662 932 1722 ad
953 1682 986 1722 se
1006 1681 1059 1741 pro
1084 1682 1140 1722 uxo

304 1744 448 1825 Entatque
464 1744 608 1805 cuiusdam
622 1762 679 1804 non
692 1747 810 1806 inscitus
822 1749 914 1822 iocus,
931 1745 1006 1807 bene
1021 1765 1073 1826 apt
1068 1747 1137 1824 pot

304 1828 400 1891 rebus
412 1828 564 1905 humanis,
580 1846 609 1889 st
604 1827 772 1890 Domitius
784 1838 875 1908 poter
887 1830 978 1890 talem
989 1830 1143 1890 babuisse

303 1914 386 1976 lluuo
406 1914 540 1989 Sporum,
561 1911 754 2016 Augustarum
775 1916 948 1974 ornamentis
969 1915 1112 1974 excultum
1134 1915 1142 1972 l
