2286 3944
433 230 637 277 PRAEFATIO.
889 230 983 279 LXXV

87 388 173 455 nitio,
194 405 264 459 quae
281 389 470 456 inerementa,
492 402 560 457 quas
575 387 739 443 mutationes
754 388 900 459 habuerit,
923 395 979 445 tum

86 472 112 527 le
128 471 212 526 elaris
228 471 416 545 scriptoribus
434 467 501 543 (olr.
516 489 544 542 p.
560 475 622 539 259,
639 476 681 530 ut.
705 477 767 541 269,
784 468 834 544 37)
853 472 978 542 singulu-

86 555 124 609 im
142 560 255 624 ageret,
275 561 482 625 temporumque
503 554 628 609 ordinem
650 561 761 610 secutus
783 570 878 611 eorum
896 556 979 612 vitam

86 643 104 691 n
126 636 232 708 scripta
253 637 379 692 breviter
399 637 598 709 perscriberet.
644 631 730 701 Quam
744 654 811 692 vero
829 638 980 708 diligenter

86 715 229 790 lingulam)
243 726 434 791 perscrutatus
456 721 492 775 sit
507 711 705 791 auo'torumque
728 721 894 776 testimoniis
911 738 979 778 oon-

86 795 243 871 lrmaverit,
266 804 413 876 praeclaro
436 804 564 875 exemplo
580 802 703 858 Terentii
720 803 777 858 vita
799 804 979 861 demonstrat.

139 886 197 941 llao
214 886 337 942 editione
354 887 477 942 libellum
495 887 604 957 quidem
618 886 652 941 de
668 886 858 942 Grammaticis
874 893 902 941 et
917 889 981 942 rhe-

86 967 194 1037 oribus,
211 975 240 1023 ut
255 971 343 1025 adhue
358 969 419 1039 fuit,
435 977 593 1041 separatum
608 969 786 1040 reliquimus:
807 976 916 1026 eeteros
932 989 980 1026 au-

86 1068 130 1107 em
145 1051 280 1122 reliquias
295 1053 333 1108 ita
350 1053 422 1108 inter
436 1070 467 1108 se
484 1053 698 1124 composuimus,
714 1059 744 1107 ut
757 1054 828 1108 vitas
846 1069 916 1124 quae
932 1071 980 1109 su-

86 1141 191 1190 tersuut
218 1136 346 1206 integrae
368 1152 428 1191 oum
452 1137 585 1192 brevibus
609 1137 666 1190 illis
693 1137 819 1192 ohronioi
839 1137 979 1208 Hierony-

86 1219 157 1274 niani
186 1219 376 1274 notationibus
403 1220 634 1290 coniungeremus
662 1237 694 1274 ao
714 1230 774 1292 'pro
795 1221 929 1276 librorum
952 1226 981 1276 et

86 1317 227 1374 emporum
243 1302 353 1357 ratione
369 1303 589 1374 disponeremus.
610 1303 766 1358 lleminerit
779 1303 866 1374 igitur
878 1305 977 1374 leotor,

86 1403 105 1441 a
129 1387 193 1441 looa
208 1385 371 1454 Hieronymi
393 1387 502 1456 singula
519 1403 570 1458 pro
585 1386 660 1441 tenui
677 1388 792 1457 quadam
815 1388 910 1444 umbra
929 1405 978 1444 eo-

86 1468 216 1523 iosarum
227 1467 355 1537 vitarum,
366 1471 464 1540 quales
481 1471 626 1524 nonnullas
642 1470 750 1526 fortuna
765 1471 898 1541 servavit,
915 1489 979 1527 esse

86 1552 213 1620 iubenda,
229 1552 360 1607 universa
376 1569 492 1625 verone
508 1545 638 1608 dimidiae
654 1553 764 1623 quidem
778 1555 867 1625 partis
884 1555 979 1626 operis

86 1659 88 1690 t
104 1634 268 1704 Tranquillo
288 1636 388 1707 seripti
405 1637 516 1692 nomina
531 1638 652 1707 prodere
668 1654 701 1691 ao
715 1636 882 1692 memoriam.
913 1637 979 1694 Nam

86 1733 135 1771 um
156 1719 398 1787 grammaticorum
418 1719 492 1774 XXll
514 1719 694 1791 superstitum
715 1720 902 1790 Hieronymus
923 1716 977 1777 non

89 1801 193 1872 mplius
215 1801 353 1872 quinque,
382 1805 522 1858 rhetorum
549 1810 640 1858 autem
661 1803 723 1858 XVl
752 1810 854 1858 tantum
882 1805 978 1859 deoem

86 1884 216 1938 tentione
242 1885 344 1954 dignos
370 1886 551 1953 iudicaverit,
579 1887 674 1957 itaque
695 1888 730 1942 do
751 1887 817 1942 vitis
838 1887 976 1944 XXXVlll

89 1965 232 2022 uindeoim
255 1969 355 2022 reddat
376 1965 571 2038 aliquomodo
592 1969 620 2022 in
638 1971 778 2040 epitomen
800 1977 975 2025 contractas:

88 2051 135 2104 lus
152 2066 231 2119 quam
249 2050 389 2105 dimidium
410 2057 515 2122 purtem
535 2050 684 2104 lllustrium
699 2053 838 2121 virorum,
862 2067 977 2122 quorum
1057 2095 1059 2099 .

87 2133 144 2188 itas
160 2150 175 2188 a
192 2133 328 2189 Suetonio
341 2135 423 2205 plene
439 2134 559 2206 seriptas
574 2134 699 2189 manibus
714 2134 836 2203 tenebat,
850 2137 978 2206 praeter-

86 2215 183 2272 risisse
199 2222 228 2271 et
242 2217 317 2287 quod
335 2216 363 2270 in
382 2233 416 2272 eo
434 2217 486 2271 luit
504 2216 640 2272 oblivioni
657 2217 807 2272 tradidisse
822 2217 878 2272 diei
896 2222 976 2288 pote-

86 2293 165 2372 it⁶⁹).
211 2298 267 2354 Sed
285 2299 372 2370 iniqui
396 2317 430 2355 ne
453 2300 555 2367 simus,
582 2300 672 2369 gratia
694 2300 719 2354 ei
742 2299 835 2372 potius
849 2301 975 2356 habenda

87 2382 127 2438 rit
147 2399 330 2453 eorumquae
357 2384 479 2440 servavit
502 2400 582 2454 quam
609 2383 784 2439 irascendum
804 2390 920 2456 propter
941 2401 973 2440 ea

86 2482 144 2537 jnae
160 2467 325 2537 suppressit.

131 2548 166 2603 Et
181 2565 248 2604 vere
266 2549 401 2606 Suetonio
422 2550 563 2622 reddenda
582 2567 645 2605 esse
660 2551 750 2606 omnia
775 2551 835 2606 lere
852 2553 973 2623 quaeda

86 2632 202 2688 iomanis
233 2629 464 2707 scriptoribus⁸⁰)
501 2634 572 2704 apud
598 2631 804 2704 ¹Hieronymum
831 2636 973 2706 leguntur,

86 2721 136 2793 »ost
151 2715 300 2769 l'ontaoum
316 2724 344 2771 et
360 2716 551 2786 scaligerum,
573 2717 723 2772 Eusebiani
741 2717 866 2774 ohrouiei
883 2719 973 2774 edito-

86 2845 270 2855 *-

137 2925 184 2990 58)
203 2928 240 2976 lta
260 2943 324 2991 quae
343 2944 359 2994 p
380 2928 440 2988 258,
456 2928 488 2977 12
504 2930 630 2994 leguntur,
648 2931 758 2980 Varroni
777 2931 907 2992 debentur,
927 2930 973 2981 eir.

88 2994 382 3056 insimulasset.
1034 2994 1039 3003 '

139 3059 187 3124 59)
219 3063 284 3112 Vide
312 3065 386 3114 modo
411 3073 524 3114 oratores
544 3081 570 3130 p.
590 3064 641 3116 289
663 3074 687 3114 et
706 3065 840 3117 historicos
867 3082 884 3132 p
913 3065 992 3126 300,

86 3145 178 3182 uorum
200 3145 252 3182 uon
273 3134 428 3196 antiquiores
447 3134 652 3182 commemoravit
675 3133 794 3184 Cioerone
818 3143 842 3184 et
858 3134 973 3184 Cornelio

86 3201 104 3250 'e
124 3208 173 3249 ote.

105 3216 184 3331 pilli)
204 3268 260 3318 Non
276 3271 377 3319 omnino
396 3270 492 3328 omnia3
515 3285 574 3318 nam
587 3270 688 3319 aliunde
706 3271 812 3335 petitum
828 3280 867 3320 est
880 3285 903 3320 n.
915 3285 936 3319 e.
948 3271 973 3320 id

86 3337 137 3387 uod
156 3336 270 3387 Remmio
290 3337 435 3387 Palaemoni
451 3338 594 3387 subiunxit:
610 3339 653 3402 qui
665 3341 786 3402 quondam
804 3343 973 3403 interropatm

86 3407 128 3455 uid
148 3407 320 3455 interstitium
344 3415 370 3455 et
386 3414 481 3469 puttam
502 3409 646 3466 interesset,
671 3415 763 3471 putta
790 3409 867 3473 inquit
889 3415 958 3459 stat

86 3475 162 3524 tilla
187 3476 250 3522 ead
255 3476 266 3523 ἰ
272 3481 290 3523 t.
326 3475 391 3524 Vide
408 3476 483 3522 etiam
502 3473 570 3523 infra
588 3475 674 3527 adnot.
692 3475 734 3526 63.
