2286 3944
0 212 5 252 9
77 216 108 265 0.
120 214 270 265 ⁸111th
281 212 409 273 TRANQ.
422 213 471 260 DE
485 214 568 261 VITA
580 213 769 263 cussinum
780 216 852 263 mn.
865 217 908 264 Vl.

37 401 59 415 ν
80 368 185 430 omrem
202 386 235 429 sn
257 368 408 430 theatrum
430 368 596 447 affirmavit,
620 369 651 429 si
670 387 731 448 per
759 367 911 430 Vindicem
927 368 944 429 li

3 459 183 616 alcaicum
203 536 307 597 deinde
331 538 416 597 etiam
436 535 554 598 Galbam
577 544 607 595 et
627 535 784 616 Hispanias
808 536 945 597 descivisse

1 621 124 697 ognovit,
146 619 302 698 conlapsus
324 622 474 699 animoque
499 619 573 680 male
596 619 692 681 fracto
707 620 756 681 diu
770 621 834 681 siue
850 626 945 681 vocet

2 721 62 781 ope
77 704 281 764 intermortuus
297 706 399 782 iacuit,
419 713 507 782 utque
523 704 653 781 resipiit,
670 713 753 765 veste
769 705 899 781 discissa,
914 721 945 764 cu

9 805 27 847 e
48 786 276 865 converberata,
298 795 401 848 ectum
416 787 454 847 de
468 805 504 848 se
519 789 727 866 pronuntiavit,
746 789 945 866 consolantique

6 873 131 933 triculae
152 880 181 932 et
202 871 266 931 aliis
289 889 407 949 quoque
433 872 488 931 iarn
509 871 690 950 principibus
705 874 810 933 similia
825 872 945 933 accidisse

3 956 153 1034 moranti,
175 972 210 1015 se
228 972 302 1015 nero
320 962 452 1033 praeter
471 961 591 1016 ceteros
604 956 750 1018 inaudita
769 965 800 1018 et
811 954 945 1036 incopniit

0 1068 2 1084 ι
29 1038 204 1141 respondit,
219 1057 270 1118 qus
281 1056 428 1100 mmmmm
441 1038 702 1118 imperiumcimis
716 1042 876 1102 amitteret
901 1038 945 1098 Neo

27 1126 117 1186 setius
143 1124 295 1222 puicquam
317 1142 359 1222 err
380 1123 587 1223 consuetudine
613 1124 699 1185 lorus
723 1135 812 1204 atque
840 1123 945 1191 desidias

18 1376 132 1437 ularia
123 1392 152 1434 ro
166 1353 340 1434 delectionis
361 1374 451 1434 duces
473 1376 599 1436 carmina
619 1376 791 1457 lasciueque
812 1377 946 1451 modulatu

7 1477 42 1519 ae
57 1458 147 1535 vulgo
163 1467 326 1535 notuerunt,
344 1459 429 1518 etiarn
446 1459 637 1536 gesticulatus
653 1470 717 1530 est;
734 1480 771 1521 ac
789 1459 946 1561 spectaculis

4 1543 72 1601 atri
87 1541 161 1603 clam
176 1541 294 1618 inlatus,
316 1542 428 1602 cuidam
451 1544 569 1604 scenico
587 1543 715 1622 placenti
731 1547 860 1606 nuntium
879 1544 946 1619 misit,

30 1625 136 1686 unm
150 1625 407 1704 occupationibus
423 1628 499 1687 suis.

28 1708 114 1770 Initio
130 1711 222 1771 statim
239 1710 389 1788 tumultus,
411 1710 497 1771 multa
518 1719 547 1770 et
564 1711 703 1790 inmania,
727 1731 829 1773 verum
841 1731 897 1772 non
912 1710 946 1770 ab

6 1796 112 1854 rrentia
127 1811 143 1853 a
160 1802 259 1854 natura
274 1812 324 1853 sua
345 1794 471 1854 creditur
486 1793 664 1856 destinasse:
689 1814 883 1858 successores
898 1813 946 1874 per

1 1896 162 1956 ssoresque
182 1879 358 1937 summittere
381 1880 526 1939 exercitus
551 1888 580 1938 et
595 1881 762 1961 provincias
783 1880 946 1958 regentibus

6 1963 49 2023 asi
69 1961 242 2040 conspiratis
268 1961 401 2039 idemque
429 1972 458 2023 et
483 1981 566 2022 unum
594 1952 799 2035 sentientibus;
826 1960 946 2043 quidquid

1 2048 72 2125 ique
87 2045 215 2122 exulum,
238 2045 399 2124 quidquid
390 2066 419 2106 ιιι
436 2046 508 2106 urbe
525 2047 669 2107 bominum
685 2046 901 2109 Gallicanorum
915 2064 946 2105 es

0 2156 1 2161 ¹
26 2129 226 2189 contrucidare
245 2130 379 2209 (illosne
396 2130 628 2190 desciscentibus
642 2131 892 2210 adgregarentur,
907 2131 946 2189 bo.

6 2215 143 2273 conscios
156 2214 336 2292 popularium
353 2234 469 2276 suornm
480 2223 568 2293 atque
580 2214 710 2275 lautores
720 2215 744 2294 3)
759 2215 868 2276 Gallias
881 2232 946 2274 exer

1 2296 68 2357 ‚ibus
82 2296 257 2375 diripiendas
270 2300 451 2377 permittere;
466 2308 596 2359 senatum
607 2300 773 2360 universum
786 2318 900 2360 veneno
908 2316 946 2378 pe·

1 2382 96 2441 odvia
109 2400 230 2450 necare;
248 2383 347 2443 urbem
359 2382 524 2459 incendere,
543 2382 615 2441 ieris
627 2383 656 2441 in
669 2384 808 2462 populum
821 2384 945 2443 immissis

1 2482 22 2525 1o
37 2464 182 2525 difficilius
198 2465 432 2526 defenderentur.
462 2466 521 2526 Sed
531 2466 704 2527 absterritus
717 2485 776 2527 non
791 2476 848 2528 tam
864 2467 947 2547 paeni·

1 2550 51 2609 tia
60 2550 321 2628 quampersrciendi
330 2550 542 2628 desperatione,
552 2549 735 2630 credensque
745 2551 947 2630 expeditiones

1 2635 174 2710 cessariam,
191 2634 328 2693 consules
346 2643 411 2693 ante
430 2645 543 2714 tempus
559 2636 684 2712 privavit
699 2636 812 2696 bonore
828 2645 913 2714 atque
929 2635 947 2692 ir

12 2722 112 2801 iusque
135 2718 230 2778 locum
252 2717 332 2777 solus
353 2720 414 2777 iniit
434 2718 629 2794 consulatum,
656 2721 738 2797 qnasi
759 2719 850 2779 fatale
871 2726 947 2780 esset

6 2821 126 2886 nposse
144 2801 251 2865 Gallias
265 2798 407 2861 debellari
423 2804 510 2862 nisia
532 2820 564 2862 se
587 2803 718 2863 consule.
748 2802 795 2863 Ac
815 2804 947 2882 susceptis

3 2890 109 2968 cibus,
136 2905 200 2950 cum
224 2894 291 2966 post
317 2886 419 2964 epulas
445 2887 570 2947 triclinio
600 2886 855 2986 digrederetpr,
847 2889 947 2946 innixus

4 2976 73 3041 eris
92 2973 286 3049 familiarium,
309 2970 476 3048 affirmavit,
503 2970 595 3032 sinui
617 2990 656 3032 uc
673 2971 809 3051 primum
831 2971 947 3050 provin

5 3058 222 3155 ,mempisset
223 3055 450 3117 inermemsein
461 3062 656 3133 conspectum
666 3056 855 3117 mesenum
862 3052 947 3134 prod

0 3202 1 3205 ,
48 3176 62 3202 ι
97 3141 332 3242 necquicquam
354 3140 443 3202 aliud
463 3157 554 3220 quom
572 3137 728 3218 fleturum,
745 3140 947 3218 reuocatisque

0 3263 4 3288 t
30 3228 247 3315 poenitentium
269 3224 476 3326 defectoribus
495 3224 664 3321 insequenti
685 3225 736 3285 die
755 3224 868 3285 laetum
882 3225 947 3284 inte

1 3329 68 3382 ‘etos
88 3319 282 3379 cantaturum
298 3312 448 3390 epinicia,
471 3326 550 3389 picae
568 3308 630 3367 iam
644 3327 725 3368 nunc
739 3307 801 3368 sibi
820 3326 948 3387 compen

0 3406 266 3568 ollruprodeparanda
279 3481 464 3556 expeditione
476 3478 593 3554 primam
601 3490 696 3532 curam
708 3474 805 3537 habuit
817 3475 948 3554 deligend
