2286 3944
460 197 564 244 ornus
582 197 708 244 murus.
1044 183 1082 244 19

81 354 194 415 moveri
211 351 383 430 quaudoque
405 358 542 428 possent,
564 351 697 427 instituit,
723 352 894 430 quotannis
917 351 946 408 in
971 349 1082 409 demor-

82 448 196 499 tuorum
214 434 311 494 locum
334 453 371 493 ex
392 435 442 509 iis,
468 435 515 511 qui
537 435 653 492 recensi
668 453 725 493 non
746 443 859 511 essent,
883 433 1083 493 subsortitioa

84 529 223 602 praetore
238 520 344 582 frerets
361 516 516 593 Octoginta
533 525 626 575 autem
644 519 745 576 civium
761 518 876 577 milibus
899 519 928 576 in
944 518 1126 576 transma-ta

83 607 163 665 rinas
179 601 310 662 colonias
326 600 498 675 distributis,
511 609 541 658 ut
556 599 713 661 exhaustae
731 618 846 680 quoque
858 600 937 661 urbis
948 602 1083 678 frequen·

60 690 124 753 stia
140 693 327 764 suppeteret,
352 686 461 759 sanxit,
485 701 521 741 ne
538 685 602 760 quis
619 685 690 743 civis
706 687 796 745 maior
814 687 895 744 annis
916 685 1017 761 viginti
1035 684 1084 741 mi-

84 788 178 833 norve
196 768 402 846 quadraginta,
419 767 468 845 qui
482 776 663 826 sacramento
680 785 737 826 non
752 778 911 844 teneretur,
924 767 988 846 plus
999 769 1085 826 trien·

84 856 134 916 nio
151 855 286 912 continno
302 850 384 910 ltalia
404 851 536 926 abesset,
557 868 612 908 neu
632 851 679 928 qui
696 853 839 911 senatoris
856 852 932 910 filius
947 853 1001 909 nisi
1018 869 1085 910 con-

84 935 246 999 tubernalis
274 944 320 993 aut
351 950 449 993 comes
471 935 653 1010 magistratus
679 953 806 1012 peregre
832 936 1083 1013 proficisceretur;

85 1039 162 1082 neve
179 1020 214 1096 ii,
233 1019 281 1096 qui
296 1019 462 1096 pecuariam
475 1018 623 1093 facerent,
643 1021 734 1077 minus
749 1019 832 1078 tertia
850 1028 932 1097 parte
947 1018 1086 1096 puberum

52 1107 277 1182 roingenuorum
298 1103 373 1160 inter
394 1109 529 1179 pastores
549 1099 699 1160 haberent.
738 1101 894 1180 Omnisque
918 1102 1086 1160 medicinam

10 1184 15 1212 ¹
85 1190 199 1250 Romae
223 1185 378 1264 professos
400 1193 428 1244 et
444 1184 604 1244 liberalium
623 1185 723 1244 artium
745 1185 898 1260 doctores,
922 1203 978 1263 quo
996 1184 1086 1243 liben-

86 1275 143 1333 tius
166 1277 196 1329 et
214 1269 271 1347 ipsi
291 1267 391 1327 urbem
413 1268 575 1328 incolerent
597 1277 625 1327 et
648 1271 737 1328 ceteri
759 1269 947 1348 adpeterent,
971 1269 1086 1328 civitate

87 1354 216 1416 donavit.
251 1351 296 1411 De
318 1352 448 1430 pecuniis
472 1353 591 1428 mutuis,
621 1351 741 1412 disiecta
765 1370 904 1412 novarum
926 1352 1086 1412 tabularum

88 1435 328 1515 exspectatione,
342 1453 416 1513 quae
437 1435 541 1494 crebro
559 1435 746 1512 movebatur,
765 1434 895 1496 decrevit
912 1436 1041 1512 tandem,
1058 1443 1087 1493 ut

56 1536 79 1578 rt
88 1520 239 1584 debitores
255 1517 446 1578 creditoribus
467 1519 683 1579 satisfacerent
701 1538 754 1598 per
776 1522 1003 1580 aestimationem
1019 1536 1086 1598 pos-

88 1605 266 1678 sessionum,
284 1604 380 1680 quauti
397 1620 528 1680 quasque
544 1611 609 1661 ante
625 1602 711 1662 civile
734 1602 840 1662 bellurn
856 1611 1087 1682 comparassent,

88 1686 214 1750 deducto
236 1703 362 1746 summae
385 1687 461 1745 aeris
483 1685 585 1762 alieni,
609 1687 632 1744 si
654 1687 720 1763 quid
742 1705 845 1765 usurae
862 1689 976 1746 nomine
991 1703 1087 1745 nume·

10 1799 13 1815 ·
88 1780 180 1832 ratam
204 1777 252 1830 aut
272 1770 466 1848 perscriptum
485 1769 603 1838 fuisset;
626 1788 680 1846 qua
704 1770 875 1830 condicione
900 1779 1001 1848 quarta
1019 1786 1088 1848 pars

89 1856 154 1916 fere
175 1852 277 1912 crediti
297 1851 456 1930 deperibat.
496 1851 605 1912 Cuncta
630 1853 773 1930 collegia,
797 1862 913 1932 praeter
933 1854 1088 1931 antiquitus

55 1953 81 1994 ao
93 1938 264 2012 constituta,
288 1935 429 1995 distraxit.
461 1935 574 1996 Poenas
590 1936 750 1995 facinorum
771 1939 862 2004 auxit;
885 1946 913 1995 et
930 1955 993 1995 cum
1009 1937 1088 1995 locu-

91 2021 188 2102 pletes
203 2035 240 2079 eo
258 2018 372 2078 facilius
388 2019 503 2079 scelere
518 2037 550 2078 se
567 2019 743 2095 obligarent,
771 2019 849 2098 quod
868 2021 988 2095 integris
1003 2018 1089 2097 patri-

90 2103 193 2165 moniis
209 2101 378 2178 exulabant,
400 2102 576 2181 parricidas,
600 2111 629 2160 ut
647 2101 751 2161 Cicero
768 2102 885 2178 scribit,
901 2101 985 2160 bonis
1002 2102 1089 2160 omni-

90 2189 160 2264 bus,
180 2185 311 2264 reliquos
331 2185 445 2246 dimidia
466 2195 548 2264 parte
570 2185 707 2245 multavit.
738 2185 786 2244 lus
808 2184 1037 2244 laboriosissime
1055 2193 1132 2247 ac43

92 2270 278 2333 severissime
295 2268 376 2328 dixit.
409 2269 644 2347 Repetundarum
662 2271 814 2328 convictos
828 2270 913 2329 etiam
930 2268 1029 2328 ordine
1045 2286 1090 2328 se-

10 2386 14 2425 4
57 2371 83 2413 aa
93 2355 206 2416 natorio
221 2354 319 2412 movit.
354 2353 474 2413 Diremit
488 2355 601 2431 nuptias
618 2353 757 2431 praetorii
772 2354 841 2429 viri,
866 2353 914 2432 qui
930 2352 1092 2430 digressam

92 2456 109 2500 a
130 2437 233 2497 marito
256 2444 324 2515 post
346 2436 461 2496 biduum
483 2438 576 2495 statim
598 2436 734 2514 duxerat,
755 2437 885 2515 quamvis
909 2438 971 2496 sine
991 2434 1092 2515 probri

10 2546 22 2574 z·
93 2521 263 2599 suspitione.
293 2519 518 2597 Peregrinarum
538 2522 675 2580 mercium
693 2521 821 2599 portoria
841 2521 968 2580 instituit.
997 2519 1090 2580 Lecti-

94 2621 192 2665 carum
206 2621 303 2679 usum,
323 2604 391 2662 item
409 2602 608 2677 conchyliatae
625 2606 716 2664 vestis
739 2614 767 2663 et
787 2606 1019 2680 margaritarum,
1037 2603 1092 2661 nisi

94 2687 182 2748 certis
198 2687 332 2764 personis
350 2695 379 2745 et
394 2686 534 2746 aetatibus
550 2705 661 2765 perque
679 2697 776 2748 certos
794 2687 870 2763 dies,
895 2687 1008 2747 ademit.
1038 2686 1090 2744 Le-

58 2787 161 2849 aogem
183 2770 340 2848 praecipue
364 2771 566 2848 sumptuariam
591 2773 736 2848 exercuit,
767 2770 915 2849 dispositis
938 2772 1014 2828 circa
1035 2785 1091 2827 ma-

10 2880 12 2895 =
95 2853 201 2914 cellum
214 2852 398 2929 custodibus,
416 2854 464 2931 qui
480 2853 601 2914 obsonia
618 2865 718 2914 contra
736 2856 854 2914 vetitum
870 2855 1027 2913 retinerent
1043 2851 1092 2910 de·

10 2954 18 3029 q
93 2944 302 3017 portarentque
322 2937 358 2997 ad
373 2955 421 3013 se,
444 2936 594 2996 submissis
611 2955 820 3016 nonnumquam
835 2935 987 2996 lictoribus
1006 2944 1093 3013 atque

92 3019 244 3096 militibus,
264 3021 327 3098 qui,
351 3022 374 3079 si
403 3038 458 3099 qua
476 3020 613 3080 custodes
635 3022 823 3097 fefellissent,
848 3021 902 3078 iam
923 3019 1054 3098 adposita
1076 3035 1093 3076 e

10 3120 23 3205 'q
92 3103 218 3201 tp‘clinio
234 3104 389 3162 auferrent.

56 3202 98 3249 as‘
155 3185 228 3246 Nam
254 3185 290 3245 de
319 3185 445 3246 ornanda
472 3187 695 3265 instruendaque
719 3187 805 3262 urbe,
835 3187 902 3244 item
924 3184 960 3245 de
987 3185 1092 3245 tuendo
1102 3191 1135 3244 44

93 3268 319 3348 ampliandoque
343 3270 465 3348 imperio
486 3271 570 3348 plura
593 3288 627 3329 ac
648 3274 757 3330 maiora
778 3271 807 3328 in
830 3269 892 3328 dies
916 3268 1090 3330 destinabat:

91 3356 120 3414 in
138 3353 239 3432 primis
251 3353 352 3414 Martis
366 3353 518 3432 templum,
536 3363 669 3432 quantum
681 3371 820 3432 nusquam
837 3361 930 3430 esset,
946 3363 1092 3428 extruere,

90 3437 209 3518 repleto
225 3445 254 3496 et
274 3436 449 3516 conplanato
464 3437 546 3514 lacu,
569 3439 597 3496 in
614 3455 670 3516 quo
694 3438 880 3499 naumachiae
897 3437 1093 3517 spectaculum

847 3520 888 3582 2*
