2286 3944
89 220 131 283 80
176 228 206 274 c.
220 224 370 274 suenoni
388 225 516 284 annuo.
535 227 583 272 na
596 227 678 273 ιιιι
692 226 877 276 cassanum
888 230 959 282 ma.
972 232 1009 278 11.

90 383 186 444 infuso
205 379 410 457 superaltaria
429 397 510 439 mero
528 389 635 439 tautum
652 381 781 440 flammae
798 383 979 461 emicuisset,
1004 393 1033 444 ut
1050 405 1089 444 su·

91 481 251 547 pergressa
265 463 410 545 fastigium
425 463 526 542 templi
540 462 576 523 ad
593 464 705 524 caelum
720 483 812 543 usque
827 467 954 526 ferretur
963 469 1090 545 ,unique

91 551 206 612 omnino
221 547 329 623 Magno
348 539 518 606 Alexandro
541 547 617 626 apud
639 548 756 608 easdem
777 567 842 609 aras
864 552 1079 610 sacrificanti
1058 571 1089 610 ιι

90 633 157 692 mile
184 632 371 708 provenisset
399 640 550 691 ostentum.
598 631 696 709 Atque
725 634 810 692 ctiam
837 636 974 711 sequenti
1002 638 1089 695 statim

90 724 177 776 nocte
200 714 299 773 videre
317 716 396 774 visus
413 723 457 774 est
470 716 557 774 lilium
571 716 685 774 mortali
702 718 804 794 specie
819 717 1009 794 ampliorem,
1034 720 1129 784 cums

90 799 208 859 fulmine
231 807 260 857 et
280 809 398 877 sceptro
415 800 583 877 exuviisque
591 799 670 858 lovis
683 799 789 877 Optimi
800 800 918 860 Maximi
934 820 972 862 ac
988 802 1089 862 radiata
1132 811 1133 843 ¹

92 900 217 959 corona,
243 901 332 961 super
354 883 510 943 laureatum
534 901 661 959 currum,
689 883 734 943 bis
756 885 834 942 senis
856 887 941 963 equis
969 887 1088 946 candore
1131 894 1133 922 ι

93 968 198 1027 eximio
216 966 404 1027 trahentibus.
433 966 531 1026 Infans
548 966 656 1044 adhue,
674 975 704 1026 ut
719 969 857 1046 scriptum
876 968 1009 1047 apudG.
1024 970 1088 1029 Dru·
1114 972 1133 1039 ι

93 1071 155 1111 sum
171 1060 249 1110 extat
250 1055 421 1130 ,repositus
436 1070 561 1130 vespere
573 1052 601 1109 in
618 1069 705 1110 cunas
720 1069 738 1110 a
753 1051 895 1111 nutricula
910 1052 982 1113 loco
1000 1047 1133 1133 plano,l'

94 1145 213 1215 postera
228 1135 294 1195 lnce
309 1153 367 1195 non
383 1138 550 1215 comparuit,
566 1135 670 1213 diuque
689 1136 835 1212 quaesitus
847 1136 984 1196 tandem
975 1156 1005 1196 m
1018 1138 1133 1197 altis-¹

94 1222 163 1281 sima
179 1222 248 1279 turri
265 1230 399 1318 repertus
417 1229 478 1296 est,
494 1222 593 1280 iacens
609 1227 709 1279 contra
726 1219 797 1278 solis
812 1229 955 1279 exortum.

155 1303 225 1364 (lum
250 1305 371 1383 primum
392 1305 446 1364 fari
468 1304 630 1382 coepisset,
653 1304 681 1360 in
703 1303 779 1363 avito
796 1302 964 1364 suburbano
983 1305 1133 1364 οιιιιιι·Ι

92 1390 187 1467 pentis
200 1388 277 1446 forte
289 1405 374 1447 ranas
390 1389 477 1447 silere
493 1389 583 1464 iussit,
601 1396 686 1464 atque
699 1404 737 1445 ex
749 1404 784 1445 eo
797 1396 940 1463 negantur
954 1388 995 1447 ibi
1008 1406 1089 1449 ranae

92 1488 228 1531 coaxare.
261 1468 309 1528 nd
324 1479 457 1568 quartum
484 1470 610 1549 lapidem
634 1469 797 1549 Campanae
824 1473 889 1529 viae
918 1473 948 1529 in
975 1481 1133 1533 nemore¹

90 1552 240 1634 prandenti
264 1555 471 1631 exinproviso
494 1554 591 1631 aquila
611 1572 714 1632 panem
735 1555 761 1612 ei
782 1573 799 1612 e
820 1571 903 1614 manu
927 1558 1042 1633 rapuit,
1064 1564 1133 1614 ιι·Ι

90 1656 154 1698 cum
171 1636 310 1696 altissime
328 1637 490 1712 evolasset
512 1655 612 1694 rursus
629 1639 832 1715 exinproviso
848 1637 955 1698 leniter
972 1632 1133 1791 delapsa}

88 1719 219 1781 reddidit.

151 1805 186 1879 Q.
204 1802 321 1863 Catulus
344 1813 411 1882 post
435 1803 596 1862 dedicatum
617 1802 793 1881 Capitolium
815 1804 926 1864 duabus
949 1733 1133 1866 continuisl

88 1889 222 1949 noctibus
237 1890 401 1948 somniavit:
417 1889 517 1967 prima,
533 1886 632 1946 lovem
647 1886 791 1965 Optimum
804 1888 960 1949 Maximum
976 1909 993 1948 e
1010 1909 1088 1970 prae
1125 1901 1133 2021 ιι

88 1975 208 2034 tentatis
220 1970 413 2072 compluribus
430 1974 537 2031 circum
548 1989 625 2031 aram
636 1969 800 2031 ludentibus
813 1991 898 2031 unum
913 1976 1133 2108 secrevisset

90 2066 177 2137 atque
198 2059 228 2116 in
248 2058 308 2116 eius
330 2057 420 2115 sinum
436 2074 497 2115 rem
515 2075 544 2135 p.
561 2073 643 2134 quam
657 2074 741 2115 manu
757 2065 889 2132 gestaret
905 2050 1133 2134 reposuisset

90 2151 120 2202 at
140 2141 316 2220 insequenti,
340 2140 577 2200 animadvertisse
602 2159 634 2200 se
655 2141 684 2198 in
704 2141 816 2215 gremio
839 2137 999 2218 Capitolini
1017 2141 1090 2201 lovis

90 2223 212 2284 eundem
236 2241 372 2303 puerum,
401 2242 485 2322 quem
512 2243 575 2284 cum
604 2223 715 2283 detrahi
740 2225 889 2299 iussisset,
918 2224 1090 2302 prohibitum
1125 2240 1133 2278 ι

89 2310 197 2368 monitu
217 2307 277 2383 dei,
296 2310 467 2386 tamquam
458 2328 482 2366 rs
498 2308 533 2368 ad
548 2309 664 2367 tutelam
679 2308 722 2365 rei
738 2326 767 2385 p.
784 2269 973 2377 educaietur;
998 2327 1032 2368 ac
1049 2307 1133 2367 die
1125 2324 1133 2363 ι

90 2393 222 2472 proximo
239 2390 355 2451 obvium
372 2391 426 2450 sibi
442 2391 616 2469 Augustum,
640 2409 703 2450 eum
722 2391 899 2467 incognitum
917 2390 990 2451 alias
1006 2392 1089 2452 babe·
1125 2387 1133 2447 l

88 2483 149 2551 ret,
170 2491 228 2533 non
251 2476 314 2534 sine
336 2475 521 2535 admiratione
537 2478 692 2551 contuitus,
715 2472 886 2533 simillimum
902 2472 975 2535 dixit
990 2492 1090 2555 puero,
1126 2493 1133 2531 ι

89 2558 126 2618 de
150 2575 205 2637 quo
223 2561 405 2619 somniasset.
441 2559 561 2633 Quidam
576 2561 655 2638 prius
671 2560 809 2617 somnium
827 2556 922 2617 Catuli
939 2557 1027 2618 aliter
1045 2578 1090 2619 cx·
1124 2574 1133 2614 ι

90 2651 215 2724 ponunt,
232 2645 313 2722 quasi
328 2641 458 2722 luppiter
473 2642 668 2720 compluribus
684 2642 873 2720 praetextatis
889 2650 1016 2702 tutorem
1031 2662 1047 2703 a
1062 2660 1091 2701 se
1124 2659 1133 2697 ι

91 2727 296 2808 poscentibus,
316 2745 400 2787 unum
422 2746 459 2786 cx
479 2728 522 2786 eis
539 2727 766 2786 demonstrasset
781 2725 817 2784 ad
832 2743 918 2803 quem
933 2728 1030 2787 omnia
1046 2727 1090 2786 de·
1124 2743 1133 2782 ι

92 2812 198 2873 sideria
218 2829 269 2872 sua
290 2811 450 2888 referrent,
475 2811 593 2889 eiusque
612 2810 741 2870 osculum
764 2809 919 2869 delibatum
942 2809 1042 2887 digitis
1059 2808 1090 2869 ad

93 2915 127 2958 os
142 2914 221 2957 suum
235 2895 391 2956 retulisset.

154 2981 192 3042 ll.
215 2977 369 3042 CiceroG.
387 2977 573 3040 Caesarem
565 2997 593 3036 ιιι
610 2976 782 3056 Capitolium
804 2986 995 3056 prosecutus,
1020 2996 1090 3037 som·
1115 2995 1133 3043 s!

92 3068 168 3126 nium
183 3067 321 3144 pristinae
339 3063 462 3124 noctisf
448 3061 635 3123 familiaribus
651 3062 726 3122 forte
742 3059 892 3121 narrabat:
914 3079 1037 3139 puerum
1052 3062 1090 3121 fa
1125 3070 1133 3116 ι

93 3152 140 3210 cic
161 3149 291 3228 liberali,
313 3147 465 3208 demissum
481 3146 597 3207 eeaelo
613 3155 715 3205 catena
733 3163 834 3222 aurea,
856 3143 988 3205 adfores
1008 2932 1133 3305 Capi-‘li

92 3233 144 3292 toli
165 3195 330 3294 constitisse
350 3233 434 3311 eique
457 3231 557 3292 lovem
571 3230 718 3308 flagellum
734 3190 899 3299 tradidisse;
925 3228 1030 3288 deinde
1047 3247 1090 3289 re·
1125 3245 1133 3284 ι

90 3325 180 3394 pente
195 3317 328 3396 Augusto
343 3317 414 3392 viso,
431 3335 515 3394 quem
529 3319 657 3393 ignotum
669 3314 815 3392 plerisque
830 3276 923 3372 adhdo
935 3313 1091 3373 avunculus
1125 3320 1133 3366 ι

91 3397 202 3461 Caesar
231 3401 268 3460 ad
295 3399 512 3462 sacrificandum
533 3402 694 3473 acciverat,
722 3397 905 3456 affirmavit'
897 3414 990 3475 ipsum
1013 3411 1133 3471 esse,t

92 3483 171 3545 euius
187 3484 283 3562 imago
301 3483 455 3544 secundum
474 3485 598 3561 quietem
614 3483 667 3540 sibi
683 3480 837 3539 obversata
853 3480 899 3539 sit.
