2286 3944
109 215 151 276 92
197 225 228 273 o.
244 222 394 272 sonuum
406 221 535 280 unaue.
550 224 598 269 nn
610 224 694 272 vmn
709 223 896 273 cassanum
908 225 980 272 mc.
993 225 1034 272 111

109 381 197 456 duxit,
210 385 343 457 quantum
358 378 387 435 in
402 395 435 435 se
451 384 539 452 esset,
552 394 675 436 exorare
693 377 771 438 filiae
787 386 898 457 patrem
913 378 1114 457 frequentibus

107 465 212 526 litteris
228 469 257 520 ct
271 461 319 520 vel
336 469 488 538 utcumque
505 461 642 537 meritae,
664 460 802 539 quidquid
818 479 951 540 umquam
975 460 1052 523 dono
1070 463 1113 522 de-

108 548 214 622 disset,
244 543 418 604 concedere.
464 542 622 603 Transacto
647 553 740 603 autem
767 544 938 605 tribuniciae
960 550 1113 624 potestatis

107 641 258 708 tempore,
276 628 429 688 confessus
447 627 577 704 tandem,
600 627 671 686 nihil
689 628 765 688 aliud
780 646 901 688 secessu
917 629 1068 690 devitasse
1084 649 1114 689 se

108 732 192 795 qnam
209 712 408 772 aemulationis
426 730 489 770 cum
505 709 538 770 G.
548 711 694 790 Lucioque
710 713 909 791 suspitionem,
924 715 1002 792 petit
1017 722 1048 773 ut
1062 714 1127 774 sibis

108 814 213 860 securo
230 797 285 855 iam
299 795 335 856 ab
351 795 406 854 bae
421 804 513 874 parte,
528 795 728 856 conroboratis
742 796 786 856 bis
801 804 830 856 et
844 796 1007 857 secundum
1023 797 1113 858 locum

108 882 197 943 facile
213 880 386 956 tutantibus,
403 882 616 958 permitteretur
633 881 764 940 revisere
780 879 1032 960 necessitudines,
1050 900 1111 961 qua-

113 984 176 1026 rum
191 963 335 1024 desiderio
351 971 506 1022 teneretur.
524 963 582 1023 Sed
596 982 690 1042 neque
705 965 868 1043 impetrarit
878 963 1018 1044 ultroque
1033 968 1113 1026 etiam

113 1050 272 1110 admonitus
289 1055 348 1123 est,
366 1045 528 1106 dimitteret
541 1065 657 1107 emnem
674 1065 781 1109 eurem
797 1065 940 1122 suorum,
959 1066 1040 1128 quos
1056 1056 1113 1109 tem

67 1143 101 1199 12
109 1131 220 1211 cupide
236 1129 420 1209 reliquisset.
437 1130 584 1190 Remansit
599 1133 686 1208 igitur
696 1130 795 1192 Rhodi·
807 1139 908 1191 contra
924 1132 1134 1209 voluntatemtt

108 1218 158 1276 vix
176 1233 230 1295 per
244 1223 361 1274 matrem
374 1223 556 1291 consecutus,
569 1224 599 1273 ut
614 1214 650 1274 ad
668 1215 818 1274 velandam
834 1216 1113 1297 ignominiamquasi

108 1299 221 1377 legatus
239 1296 371 1373 Augusto
390 1296 516 1356 abesset.

169 1381 324 1441 Enimvero
341 1389 408 1439 tunc
424 1398 481 1439 non
501 1382 642 1459 privatum
663 1383 765 1460 modo,
788 1382 941 1442 sedetiam
959 1382 1114 1443 obnoxium

109 1473 138 1525 et
151 1463 292 1542 trepidum
308 1465 385 1541 egit,
402 1464 620 1525 mediterraneis
635 1469 714 1542 agris
730 1466 842 1527 abditus
857 1467 1014 1544 vitansque
1030 1485 1112 1545 prae·

108 1548 346 1623 ternavigantium
358 1549 466 1624 officia,
483 1549 586 1626 quibus
602 1551 840 1628 frequentabatur
855 1549 984 1627 assidue,
1001 1553 1112 1611 nemine
1119 1563 1136 1603 d

108 1648 171 1690 cum
189 1633 311 1709 imperio
328 1642 375 1692 aut
391 1635 560 1709 magistratu
581 1633 717 1693 tendente
734 1651 875 1713 quoquam
893 1635 963 1712 quin
979 1634 1112 1695 deverte-

107 1723 153 1774 ret
170 1715 312 1775 Rhodum.
355 1716 393 1776 Es
413 1727 601 1776 accesserunt
622 1720 737 1778 maioris
768 1717 969 1777 sollicitudinis
997 1737 1112 1779 causae.

106 1797 236 1877 Namque
255 1801 418 1878 privignum
435 1800 532 1860 Gaium
549 1799 658 1861 Orienti
681 1803 892 1880 praepositum,
916 1819 982 1860 cum
1001 1803 1113 1863 visendi

107 1885 201 1961 gratia
216 1885 378 1944 traiecisset
393 1885 514 1962 Samum,
528 1883 693 1945 alieniorem
710 1885 764 1945 sibi
778 1887 868 1945 sensit
884 1903 921 1945 ex
937 1887 1112 1946 criminatio·

108 1967 192 2028 nibus
205 1967 243 2028 Μ.
258 1968 332 2028 Lolli
353 1970 465 2029 comitis
488 1978 516 2028 et
536 1971 660 2029 rectoris
682 1971 753 2029 eius.
797 1969 885 2028 Venit
904 1969 995 2047 etiam¹
1016 1971 1045 2029 in
1069 1986 1136 2030 sue

110 2053 277 2131 spitionem,
295 2071 349 2131 per
366 2051 503 2132 quosdam
518 2052 651 2112 beneficii
666 2057 707 2114 sui
723 2055 933 2114 centurionesa
950 2064 1112 2114 commeatu

110 2145 206 2196 eastra
222 2139 383 2215 repetentis
398 2138 528 2197 mandata
546 2136 582 2195 ad
602 2137 765 2215 complures
787 2136 903 2196 dedisse
924 2137 1064 2214 ambigua
1086 2146 1112 2197 et

109 2236 183 2297 quae
205 2229 347 2299 temptare
368 2222 545 2298 singulorum
569 2223 678 2281 animos
698 2221 733 2282 ad
753 2238 844 2281 novas
866 2238 915 2279 res
931 2221 1110 2281 riderentur.

107 2302 152 2362 De
169 2321 224 2380 qua
240 2306 406 2383 suspicione
430 2306 537 2365 certior
559 2304 593 2364 ab
609 2305 741 2382 Augusto
763 2305 873 2381 factus,
899 2321 957 2364 non
983 2307 1112 2365 cessavit

109 2386 271 2461 efflagitare
294 2388 417 2464 aliquem
440 2387 591 2446 cuiuslibet
613 2388 720 2448 ordinis
746 2387 894 2448 custodem
914 2387 1002 2448 factis
1024 2399 1135 2468 atqueu

67 2468 192 2527 13dictis
209 2471 277 2526 suis.
322 2469 397 2547 Equi
419 2487 533 2548 quoque
554 2478 582 2528 et
604 2489 746 2532 armorum
764 2471 864 2531 solitas
880 2473 1111 2533 exercitationes

108 2551 453 2630 omisitredegitquese,
480 2553 614 2631 deposito
635 2559 728 2632 patrio
752 2555 864 2632 habitu,
887 2554 922 2615 ad
944 2556 1067 2633 pallium
1085 2564 1112 2615 et

108 2634 258 2715 crepidas,
275 2645 359 2714 atque
374 2637 402 2694 in
417 2635 467 2694 tali
482 2645 556 2696 statu
571 2636 686 2698 biennio
703 2640 767 2698 fere
783 2639 953 2718 permansit,
981 2651 1109 2700 contem·

107 2722 164 2780 tior
182 2718 284 2779 indies
304 2729 333 2778 et
351 2719 486 2796 invisior,
512 2720 585 2779 adeo
596 2728 635 2780 'ut
651 2724 791 2800 imagines
807 2725 868 2782 eius
883 2731 912 2782 et
927 2731 1037 2784 statuas
1052 2723 1108 2783 Ne-

108 2822 275 2865 mausenses
290 2802 497 2880 subverterint,
522 2814 557 2863 ac
574 2805 705 2866 familiari
721 2805 862 2884 quondam
878 2806 1014 2867 convivio
1029 2825 1132 2868 men-o

108 2890 186 2948 tione
202 2889 262 2947 eins
277 2895 355 2963 ortu,
378 2887 504 2946 extiterit
520 2888 566 2966 qui
583 2888 653 2949 Gaio
669 2890 872 2969 polliceretur,
895 2890 1050 2950 confestim
1065 2909 1107 2967 se,

109 2975 133 3032 si
154 2971 282 3048 iuberet,
301 2970 432 3032 Rhodum
452 2973 649 3049 navigaturum
673 2983 815 3052 caputque
837 2973 930 3032 exulis
954 2975 1015 3054 (sic
1035 2977 1106 3035 enim
1140 3018 1143 3059 ,

109 3053 324 3135 appellabatur)
339 3055 503 3115 relaturum.
547 3056 611 3131 Quo
628 3058 786 3136 praecipue
806 3074 864 3116 non
886 3059 940 3116 iam
960 3068 1040 3118 metu
1057 3058 1106 3119 sed

108 3139 271 3197 discrimine
296 3148 413 3199 coactus
434 3148 493 3217 est,
515 3149 571 3200 tam
594 3144 652 3200 suis
674 3160 756 3220 quam
777 3143 875 3201 matris
897 3142 1107 3219 inpensissimis

106 3221 244 3300 precibus
259 3223 380 3284 reditum
395 3225 592 3303 expostulare,
605 3226 836 3304 impetravitque,
852 3225 963 3284 adiutus
978 3225 1130 3305 aliquan-s

106 3313 163 3364 tum
179 3308 264 3365 etiam
280 3327 358 3368 casu.
401 3307 578 3368 Destinatum
593 3308 1058 3386 Augustoerat,nihilsuperea
1076 3329 1107 3369 re
1142 3363 1143 3379 ,

106 3390 212 3448 nisiex
229 3393 377 3452 voluntate
394 3395 509 3451 maioris
525 3393 557 3450 fit
583 3403 719 3461 2⁵22„er
741 3392 765 3450 is
780 3391 856 3449 forte
872 3400 940 3450 tunc
957 3392 996 3451 Μ.
1013 3393 1106 3454 Lollio
1142 3382 1143 3403 ¹

108 3472 246 3535 offensior·
280 3475 373 3518 fossilis·
393 3476 541 3518 nvmslu'li„
561 3509 577 3538 1.
633 3495 641 3514 ι
673 3477 707 3518 rii.
725 3476 789 3518 lcum
814 3473 864 3522 ‘ull
917 3474 1106 3539 Pqpmffleme
