<?xml version="1.0" encoding="UTF-8"?>
<!DOCTYPE html PUBLIC "-//W3C//DTD XHTML 1.0 Transitional//EN"
    "http://www.w3.org/TR/xhtml1/DTD/xhtml1-transitional.dtd">
<html xmlns="http://www.w3.org/1999/xhtml" xml:lang="en" lang="en">
 <head>
  <title>
</title>
<meta http-equiv="Content-Type" content="text/html;charset=utf-8" />
  <meta name='ocr-system' content='tesseract 3.04.00' />
  <meta name='ocr-capabilities' content='ocr_page ocr_carea ocr_par ocr_line ocrx_word'/>
</head>
<body>
  <div class='ocr_page' id='page_1' title='image "./csuetonitranqui01suetgoog_0197.png"; bbox 0 0 2256 3930; ppageno 0'>
   <div class='ocr_carea' id='block_1_1' title="bbox 106 233 1030 310">
    <p class='ocr_par' dir='ltr' id='par_1_1' title="bbox 106 233 1030 310">
     <span class='ocr_line' id='line_1_1' title="bbox 106 233 1030 310; baseline 0.001 -12"><span class='ocrx_word' id='word_1_1' title='bbox 106 233 147 300; x_wconf 79' lang='grc'><strong>88</strong></span> <span class='ocrx_word' id='word_1_2' title='bbox 190 248 220 297; x_wconf 90' lang='lat' dir='ltr'><strong>c.</strong></span> <span class='ocrx_word' id='word_1_3' title='bbox 234 248 385 297; x_wconf 83' lang='lat' dir='ltr'><strong>sunrour</strong></span> <span class='ocrx_word' id='word_1_4' title='bbox 396 249 524 310; x_wconf 74' lang='lat' dir='ltr'><strong>urano.</strong></span> <span class='ocrx_word' id='word_1_5' title='bbox 538 250 586 297; x_wconf 84' lang='lat' dir='ltr'><strong>nn</strong></span> <span class='ocrx_word' id='word_1_6' title='bbox 597 250 682 298; x_wconf 81' lang='lat' dir='ltr'><strong>vrrs</strong></span> <span class='ocrx_word' id='word_1_7' title='bbox 693 249 880 300; x_wconf 76' lang='lat' dir='ltr'><strong>csnsmurs</strong></span> <span class='ocrx_word' id='word_1_8' title='bbox 889 250 963 299; x_wconf 83' lang='lat' dir='ltr'><strong>um.</strong></span> <span class='ocrx_word' id='word_1_9' title='bbox 975 250 1030 299; x_wconf 90' lang='lat' dir='ltr'><strong>nr.</strong></span> 
     </span>
    </p>
   </div>
   <div class='ocr_carea' id='block_1_2' title="bbox 62 403 1128 3590">
    <p class='ocr_par' dir='ltr' id='par_1_2' title="bbox 104 403 1114 651">
     <span class='ocr_line' id='line_1_2' title="bbox 106 403 1114 483; baseline 0.003 -20"><span class='ocrx_word' id='word_1_10' title='bbox 106 403 254 464; x_wconf 87' lang='lat' dir='ltr'><strong>consulem</strong></span> <span class='ocrx_word' id='word_1_11' title='bbox 274 407 377 464; x_wconf 92' lang='lat' dir='ltr'><strong>iterum</strong></span> <span class='ocrx_word' id='word_1_12' title='bbox 405 420 615 483; x_wconf 76' lang='lat' dir='ltr'><strong>censoremque</strong></span> <span class='ocrx_word' id='word_1_13' title='bbox 642 404 793 465; x_wconf 80' lang='lat' dir='ltr'><strong>fecissent.</strong></span> <span class='ocrx_word' id='word_1_14' title='bbox 835 403 967 483; x_wconf 81' lang='lat' dir='ltr'><strong>Drusus,</strong></span> <span class='ocrx_word' id='word_1_15' title='bbox 992 403 1114 466; x_wconf 86' lang='lat' dir='ltr'><strong>bostium</strong></span> 
     </span>
     <span class='ocr_line' id='line_1_3' title="bbox 105 487 1114 568; baseline 0.003 -22"><span class='ocrx_word' id='word_1_16' title='bbox 105 487 178 547; x_wconf 91' lang='lat' dir='ltr'><strong>duce</strong></span> <span class='ocrx_word' id='word_1_17' title='bbox 188 487 302 549; x_wconf 86' lang='lat' dir='ltr'><strong>Drauso</strong></span> <span class='ocrx_word' id='word_1_18' title='bbox 320 488 477 547; x_wconf 90' lang='lat' dir='ltr'><strong>comminus</strong></span> <span class='ocrx_word' id='word_1_19' title='bbox 491 489 644 566; x_wconf 88' lang='lat' dir='ltr'><strong>tmcidato‚</strong></span> <span class='ocrx_word' id='word_1_20' title='bbox 659 488 715 548; x_wconf 91' lang='lat' dir='ltr'><strong>sibi</strong></span> <span class='ocrx_word' id='word_1_21' title='bbox 729 490 916 568; x_wconf 78' lang='lat' dir='ltr'><strong>posterisque</strong></span> <span class='ocrx_word' id='word_1_22' title='bbox 927 489 992 548; x_wconf 87' lang='lat' dir='ltr'><strong>suis</strong></span> <span class='ocrx_word' id='word_1_23' title='bbox 1007 506 1114 566; x_wconf 82' lang='lat' dir='ltr'><strong>cogno·</strong></span> 
     </span>
     <span class='ocr_line' id='line_1_4' title="bbox 104 571 1103 651; baseline 0.003 -22"><span class='ocrx_word' id='word_1_24' title='bbox 104 588 169 629; x_wconf 90' lang='lat' dir='ltr'><strong>men</strong></span> <span class='ocrx_word' id='word_1_25' title='bbox 186 573 303 631; x_wconf 87' lang='lat' dir='ltr'><strong>invenit.</strong></span> <span class='ocrx_word' id='word_1_26' title='bbox 348 571 482 631; x_wconf 85' lang='lat' dir='ltr'><strong>Traditur</strong></span> <span class='ocrx_word' id='word_1_27' title='bbox 496 573 580 632; x_wconf 90' lang='lat' dir='ltr'><strong>etiam</strong></span> <span class='ocrx_word' id='word_1_28' title='bbox 597 590 650 650; x_wconf 94' lang='lat' dir='ltr'><strong>pro</strong></span> <span class='ocrx_word' id='word_1_29' title='bbox 666 582 803 651; x_wconf 90' lang='lat' dir='ltr'><strong>praetore</strong></span> <span class='ocrx_word' id='word_1_30' title='bbox 819 590 857 632; x_wconf 84' lang='lat' dir='ltr'><strong>ex</strong></span> <span class='ocrx_word' id='word_1_31' title='bbox 873 574 1032 651; x_wconf 84' lang='lat' dir='ltr'><strong>provincia</strong></span> <span class='ocrx_word' id='word_1_32' title='bbox 1052 572 1103 633; x_wconf 81' lang='lat' dir='ltr'><strong>Gal</strong></span> 
     </span>
    </p>

    <p class='ocr_par' dir='ltr' id='par_1_3' title="bbox 103 654 1127 1070">
     <span class='ocr_line' id='line_1_5' title="bbox 104 654 1113 736; baseline 0.003 -22"><span class='ocrx_word' id='word_1_33' title='bbox 104 656 142 715; x_wconf 91' lang='lat' dir='ltr'><strong>lia</strong></span> <span class='ocrx_word' id='word_1_34' title='bbox 156 657 292 716; x_wconf 91' lang='lat' dir='ltr'><strong>retulisse</strong></span> <span class='ocrx_word' id='word_1_35' title='bbox 307 674 416 732; x_wconf 87' lang='lat' dir='ltr'><strong>aurum,</strong></span> <span class='ocrx_word' id='word_1_36' title='bbox 434 655 598 716; x_wconf 87' lang='lat' dir='ltr'><strong>Senonibus</strong></span> <span class='ocrx_word' id='word_1_37' title='bbox 612 656 680 716; x_wconf 91' lang='lat' dir='ltr'><strong>olim</strong></span> <span class='ocrx_word' id='word_1_38' title='bbox 696 658 725 715; x_wconf 94' lang='lat' dir='ltr'><strong>in</strong></span> <span class='ocrx_word' id='word_1_39' title='bbox 740 654 893 715; x_wconf 86' lang='lat' dir='ltr'><strong>obsidione</strong></span> <span class='ocrx_word' id='word_1_40' title='bbox 909 654 1056 736; x_wconf 84' lang='lat' dir='ltr'><strong>capitolii</strong></span> <span class='ocrx_word' id='word_1_41' title='bbox 1072 656 1113 717; x_wconf 92' lang='lat' dir='ltr'><strong>da·</strong></span> 
     </span>
     <span class='ocr_line' id='line_1_6' title="bbox 104 738 1127 820; baseline 0.002 -22"><span class='ocrx_word' id='word_1_42' title='bbox 104 749 178 816; x_wconf 91' lang='lat' dir='ltr'><strong>tum,</strong></span> <span class='ocrx_word' id='word_1_43' title='bbox 198 758 269 817; x_wconf 90' lang='lat' dir='ltr'><strong>nec,</strong></span> <span class='ocrx_word' id='word_1_44' title='bbox 290 750 320 800; x_wconf 94' lang='lat' dir='ltr'><strong>ut</strong></span> <span class='ocrx_word' id='word_1_45' title='bbox 333 740 407 800; x_wconf 87' lang='lat' dir='ltr'><strong>lama</strong></span> <span class='ocrx_word' id='word_1_46' title='bbox 424 749 484 813; x_wconf 91' lang='lat' dir='ltr'><strong>est,</strong></span> <span class='ocrx_word' id='word_1_47' title='bbox 509 749 651 800; x_wconf 88' lang='lat' dir='ltr'><strong>extortum</strong></span> <span class='ocrx_word' id='word_1_48' title='bbox 666 759 682 800; x_wconf 93' lang='lat' dir='ltr'><strong>a</strong></span> <span class='ocrx_word' id='word_1_49' title='bbox 700 738 834 800; x_wconf 83' lang='lat' dir='ltr'><strong>Camillo.</strong></span> <span class='ocrx_word' id='word_1_50' title='bbox 877 738 952 800; x_wconf 87' lang='lat' dir='ltr'><strong>Eius</strong></span> <span class='ocrx_word' id='word_1_51' title='bbox 970 739 1127 820; x_wconf 82' lang='lat' dir='ltr'><strong>abnepos,r</strong></span> 
     </span>
     <span class='ocr_line' id='line_1_7' title="bbox 103 823 1113 902; baseline 0.002 -20"><span class='ocrx_word' id='word_1_52' title='bbox 103 823 140 882; x_wconf 95' lang='lat' dir='ltr'><strong>ob</strong></span> <span class='ocrx_word' id='word_1_53' title='bbox 159 825 290 883; x_wconf 85' lang='lat' dir='ltr'><strong>eximiam</strong></span> <span class='ocrx_word' id='word_1_54' title='bbox 306 824 447 885; x_wconf 87' lang='lat' dir='ltr'><strong>adversus</strong></span> <span class='ocrx_word' id='word_1_55' title='bbox 462 823 612 883; x_wconf 82' lang='lat' dir='ltr'><strong>Gracchos</strong></span> <span class='ocrx_word' id='word_1_56' title='bbox 634 841 754 902; x_wconf 91' lang='lat' dir='ltr'><strong>operam</strong></span> <span class='ocrx_word' id='word_1_57' title='bbox 772 833 910 902; x_wconf 88' lang='lat' dir='ltr'><strong>patronus</strong></span> <span class='ocrx_word' id='word_1_58' title='bbox 936 833 1065 886; x_wconf 80' lang='lat' dir='ltr'><strong>senatus</strong></span> <span class='ocrx_word' id='word_1_59' title='bbox 1080 824 1113 884; x_wconf 90' lang='lat' dir='ltr'><strong>di·</strong></span> 
     </span>
     <span class='ocr_line' id='line_1_8' title="bbox 103 908 1114 986; baseline 0.003 -20"><span class='ocrx_word' id='word_1_60' title='bbox 103 916 182 983; x_wconf 90' lang='lat' dir='ltr'><strong>ctus,</strong></span> <span class='ocrx_word' id='word_1_61' title='bbox 205 909 292 967; x_wconf 88' lang='lat' dir='ltr'><strong>lrlium</strong></span> <span class='ocrx_word' id='word_1_62' title='bbox 313 908 447 985; x_wconf 91' lang='lat' dir='ltr'><strong>reliquit,</strong></span> <span class='ocrx_word' id='word_1_63' title='bbox 469 926 554 986; x_wconf 87' lang='lat' dir='ltr'><strong>quem</strong></span> <span class='ocrx_word' id='word_1_64' title='bbox 574 910 603 966; x_wconf 92' lang='lat' dir='ltr'><strong>in</strong></span> <span class='ocrx_word' id='word_1_65' title='bbox 624 908 708 967; x_wconf 89' lang='lat' dir='ltr'><strong>simili</strong></span> <span class='ocrx_word' id='word_1_66' title='bbox 725 908 907 968; x_wconf 88' lang='lat' dir='ltr'><strong>dissensione</strong></span> <span class='ocrx_word' id='word_1_67' title='bbox 923 908 1021 970; x_wconf 84' lang='lat' dir='ltr'><strong>multa</strong></span> <span class='ocrx_word' id='word_1_68' title='bbox 1039 911 1114 969; x_wconf 86' lang='lat' dir='ltr'><strong>raris</strong></span> 
     </span>
     <span class='ocr_line' id='line_1_9' title="bbox 103 991 888 1070; baseline 0.001 -21"><span class='ocrx_word' id='word_1_69' title='bbox 103 992 269 1051; x_wconf 85' lang='lat' dir='ltr'><strong>molientem</strong></span> <span class='ocrx_word' id='word_1_70' title='bbox 285 993 400 1052; x_wconf 88' lang='lat' dir='ltr'><strong>diversa</strong></span> <span class='ocrx_word' id='word_1_71' title='bbox 414 992 503 1051; x_wconf 87' lang='lat' dir='ltr'><strong>factio</strong></span> <span class='ocrx_word' id='word_1_72' title='bbox 520 1009 573 1070; x_wconf 92' lang='lat' dir='ltr'><strong>per</strong></span> <span class='ocrx_word' id='word_1_73' title='bbox 588 991 718 1052; x_wconf 81' lang='lat' dir='ltr'><strong>fraudem</strong></span> <span class='ocrx_word' id='word_1_74' title='bbox 734 993 888 1052; x_wconf 90' lang='lat' dir='ltr'><strong>interemit.</strong></span> 
     </span>
    </p>

    <p class='ocr_par' dir='ltr' id='par_1_4' title="bbox 70 1074 1128 2663">
     <span class='ocr_line' id='line_1_10' title="bbox 70 1074 1112 1154; baseline 0.004 -19"><span class='ocrx_word' id='word_1_75' title='bbox 70 1087 89 1142; x_wconf 81' lang='lat'>4</span> <span class='ocrx_word' id='word_1_76' title='bbox 165 1076 251 1135; x_wconf 89' lang='lat' dir='ltr'><strong>Pater</strong></span> <span class='ocrx_word' id='word_1_77' title='bbox 279 1076 394 1152; x_wconf 84' lang='lat' dir='ltr'><strong>Tiberi,</strong></span> <span class='ocrx_word' id='word_1_78' title='bbox 426 1084 562 1154; x_wconf 87' lang='lat' dir='ltr'><strong>quaestor</strong></span> <span class='ocrx_word' id='word_1_79' title='bbox 586 1074 618 1136; x_wconf 81' lang='lat' dir='ltr'><strong>G.</strong></span> <span class='ocrx_word' id='word_1_80' title='bbox 642 1075 777 1137; x_wconf 80' lang='lat' dir='ltr'><strong>caesuris</strong></span> <span class='ocrx_word' id='word_1_81' title='bbox 802 1074 1008 1137; x_wconf 79' lang='lat' dir='ltr'><strong>Alexandrino</strong></span> <span class='ocrx_word' id='word_1_82' title='bbox 1038 1077 1112 1139; x_wconf 92' lang='lat' dir='ltr'><strong>bello</strong></span> 
     </span>
     <span class='ocr_line' id='line_1_11' title="bbox 104 1160 1112 1239; baseline 0.005 -21"><span class='ocrx_word' id='word_1_83' title='bbox 104 1160 191 1219; x_wconf 88' lang='lat' dir='ltr'><strong>classi</strong></span> <span class='ocrx_word' id='word_1_84' title='bbox 207 1163 406 1239; x_wconf 85' lang='lat' dir='ltr'><strong>praepositus,</strong></span> <span class='ocrx_word' id='word_1_85' title='bbox 425 1160 574 1238; x_wconf 90' lang='lat' dir='ltr'><strong>plurimum</strong></span> <span class='ocrx_word' id='word_1_86' title='bbox 591 1160 626 1221; x_wconf 97' lang='lat' dir='ltr'><strong>ad</strong></span> <span class='ocrx_word' id='word_1_87' title='bbox 640 1162 790 1220; x_wconf 84' lang='lat' dir='ltr'><strong>victoriam</strong></span> <span class='ocrx_word' id='word_1_88' title='bbox 805 1160 935 1220; x_wconf 91' lang='lat' dir='ltr'><strong>contulit.</strong></span> <span class='ocrx_word' id='word_1_89' title='bbox 970 1161 1074 1236; x_wconf 82' lang='lat' dir='ltr'><strong>Quare</strong></span> <span class='ocrx_word' id='word_1_90' title='bbox 1088 1171 1112 1223; x_wconf 91' lang='lat' dir='ltr'><strong>et</strong></span> 
     </span>
     <span class='ocr_line' id='line_1_12' title="bbox 104 1243 1113 1322; baseline 0.005 -21"><span class='ocrx_word' id='word_1_91' title='bbox 104 1244 237 1322; x_wconf 81' lang='lat' dir='ltr'><strong>pontifex</strong></span> <span class='ocrx_word' id='word_1_92' title='bbox 257 1247 285 1303; x_wconf 94' lang='lat' dir='ltr'><strong>in</strong></span> <span class='ocrx_word' id='word_1_93' title='bbox 307 1245 402 1303; x_wconf 92' lang='lat' dir='ltr'><strong>locum</strong></span> <span class='ocrx_word' id='word_1_94' title='bbox 422 1244 453 1303; x_wconf 92' lang='lat' dir='ltr'><strong>P.</strong></span> <span class='ocrx_word' id='word_1_95' title='bbox 471 1244 615 1322; x_wconf 87' lang='lat' dir='ltr'><strong>Scipionis</strong></span> <span class='ocrx_word' id='word_1_96' title='bbox 635 1243 803 1304; x_wconf 90' lang='lat' dir='ltr'><strong>substitutus</strong></span> <span class='ocrx_word' id='word_1_97' title='bbox 825 1252 854 1304; x_wconf 92' lang='lat' dir='ltr'><strong>et</strong></span> <span class='ocrx_word' id='word_1_98' title='bbox 871 1244 907 1305; x_wconf 86' lang='lat' dir='ltr'><strong>ad</strong></span> <span class='ocrx_word' id='word_1_99' title='bbox 923 1243 1113 1307; x_wconf 90' lang='lat' dir='ltr'><strong>deducendas</strong></span> 
     </span>
     <span class='ocr_line' id='line_1_13' title="bbox 103 1327 1112 1408; baseline 0.006 -23"><span class='ocrx_word' id='word_1_100' title='bbox 103 1329 130 1385; x_wconf 93' lang='lat' dir='ltr'><strong>in</strong></span> <span class='ocrx_word' id='word_1_101' title='bbox 148 1327 267 1388; x_wconf 85' lang='lat' dir='ltr'><strong>Galliam</strong></span> <span class='ocrx_word' id='word_1_102' title='bbox 284 1328 428 1404; x_wconf 88' lang='lat' dir='ltr'><strong>colonius,</strong></span> <span class='ocrx_word' id='word_1_103' title='bbox 450 1329 478 1386; x_wconf 92' lang='lat' dir='ltr'><strong>in</strong></span> <span class='ocrx_word' id='word_1_104' title='bbox 501 1330 563 1407; x_wconf 94' lang='lat' dir='ltr'><strong>quis</strong></span> <span class='ocrx_word' id='word_1_105' title='bbox 577 1328 676 1389; x_wconf 91' lang='lat' dir='ltr'><strong>Narbo</strong></span> <span class='ocrx_word' id='word_1_106' title='bbox 696 1337 725 1388; x_wconf 91' lang='lat' dir='ltr'><strong>et</strong></span> <span class='ocrx_word' id='word_1_107' title='bbox 740 1328 861 1388; x_wconf 82' lang='lat' dir='ltr'><strong>Arelate</strong></span> <span class='ocrx_word' id='word_1_108' title='bbox 882 1338 985 1408; x_wconf 88' lang='lat' dir='ltr'><strong>erant,</strong></span> <span class='ocrx_word' id='word_1_109' title='bbox 1010 1331 1112 1391; x_wconf 86' lang='lat' dir='ltr'><strong>missus</strong></span> 
     </span>
     <span class='ocr_line' id='line_1_14' title="bbox 103 1410 1111 1489; baseline 0.006 -20"><span class='ocrx_word' id='word_1_110' title='bbox 103 1420 157 1469; x_wconf 92' lang='lat' dir='ltr'><strong>est.</strong></span> <span class='ocrx_word' id='word_1_111' title='bbox 186 1410 293 1471; x_wconf 79' lang='lat' dir='ltr'><strong>Tamen</strong></span> <span class='ocrx_word' id='word_1_112' title='bbox 308 1411 435 1470; x_wconf 82' lang='lat' dir='ltr'><strong>Caesare</strong></span> <span class='ocrx_word' id='word_1_113' title='bbox 452 1415 569 1489; x_wconf 89' lang='lat' dir='ltr'><strong>occiso,</strong></span> <span class='ocrx_word' id='word_1_114' title='bbox 588 1414 700 1472; x_wconf 91' lang='lat' dir='ltr'><strong>cunctis</strong></span> <span class='ocrx_word' id='word_1_115' title='bbox 717 1412 862 1472; x_wconf 89' lang='lat' dir='ltr'><strong>turbarum</strong></span> <span class='ocrx_word' id='word_1_116' title='bbox 878 1421 959 1472; x_wconf 92' lang='lat' dir='ltr'><strong>metu</strong></span> <span class='ocrx_word' id='word_1_117' title='bbox 979 1413 1111 1475; x_wconf 86' lang='lat' dir='ltr'><strong>abolitio</strong></span> 
     </span>
     <span class='ocr_line' id='line_1_15' title="bbox 102 1494 1111 1576; baseline 0.007 -24"><span class='ocrx_word' id='word_1_118' title='bbox 102 1512 168 1553; x_wconf 91' lang='lat' dir='ltr'><strong>nem</strong></span> <span class='ocrx_word' id='word_1_119' title='bbox 189 1495 258 1554; x_wconf 91' lang='lat' dir='ltr'><strong>lacti</strong></span> <span class='ocrx_word' id='word_1_120' title='bbox 279 1494 518 1572; x_wconf 83' lang='lat' dir='ltr'><strong>decernentibus,</strong></span> <span class='ocrx_word' id='word_1_121' title='bbox 546 1499 631 1556; x_wconf 91' lang='lat' dir='ltr'><strong>etiam</strong></span> <span class='ocrx_word' id='word_1_122' title='bbox 651 1496 686 1556; x_wconf 92' lang='lat' dir='ltr'><strong>de</strong></span> <span class='ocrx_word' id='word_1_123' title='bbox 709 1497 844 1576; x_wconf 89' lang='lat' dir='ltr'><strong>praemiis</strong></span> <span class='ocrx_word' id='word_1_124' title='bbox 866 1498 1111 1572; x_wconf 81' lang='lat' dir='ltr'><strong>tyrannicidarum</strong></span> 
     </span>
     <span class='ocr_line' id='line_1_16' title="bbox 102 1578 1126 1657; baseline 0.008 -22"><span class='ocrx_word' id='word_1_125' title='bbox 102 1578 286 1637; x_wconf 92' lang='lat' dir='ltr'><strong>relerendum</strong></span> <span class='ocrx_word' id='word_1_126' title='bbox 302 1581 422 1637; x_wconf 91' lang='lat' dir='ltr'><strong>censuit.</strong></span> <span class='ocrx_word' id='word_1_127' title='bbox 454 1579 593 1640; x_wconf 91' lang='lat' dir='ltr'><strong>Praetura</strong></span> <span class='ocrx_word' id='word_1_128' title='bbox 607 1580 710 1640; x_wconf 87' lang='lat' dir='ltr'><strong>deinde</strong></span> <span class='ocrx_word' id='word_1_129' title='bbox 726 1581 850 1657; x_wconf 88' lang='lat' dir='ltr'><strong>iunctus,</strong></span> <span class='ocrx_word' id='word_1_130' title='bbox 867 1599 931 1640; x_wconf 90' lang='lat' dir='ltr'><strong>cum</strong></span> <span class='ocrx_word' id='word_1_131' title='bbox 950 1584 1035 1643; x_wconf 89' lang='lat' dir='ltr'><strong>exitu</strong></span> <span class='ocrx_word' id='word_1_132' title='bbox 1052 1584 1126 1644; x_wconf 83' lang='lat' dir='ltr'><strong>annin</strong></span> 
     </span>
     <span class='ocr_line' id='line_1_17' title="bbox 102 1661 1110 1733; baseline 0.009 -14"><span class='ocrx_word' id='word_1_133' title='bbox 102 1661 246 1721; x_wconf 90' lang='lat' dir='ltr'><strong>discordia</strong></span> <span class='ocrx_word' id='word_1_134' title='bbox 268 1664 343 1721; x_wconf 91' lang='lat' dir='ltr'><strong>inter</strong></span> <span class='ocrx_word' id='word_1_135' title='bbox 364 1664 528 1722; x_wconf 90' lang='lat' dir='ltr'><strong>triumviros</strong></span> <span class='ocrx_word' id='word_1_136' title='bbox 548 1674 612 1724; x_wconf 90' lang='lat' dir='ltr'><strong>orta</strong></span> <span class='ocrx_word' id='word_1_137' title='bbox 637 1674 731 1733; x_wconf 89' lang='lat' dir='ltr'><strong>esset;</strong></span> <span class='ocrx_word' id='word_1_138' title='bbox 760 1667 881 1725; x_wconf 90' lang='lat' dir='ltr'><strong>retentis</strong></span> <span class='ocrx_word' id='word_1_139' title='bbox 908 1665 986 1727; x_wconf 93' lang='lat' dir='ltr'><strong>ultra</strong></span> <span class='ocrx_word' id='word_1_140' title='bbox 1009 1669 1110 1727; x_wconf 90' lang='lat' dir='ltr'><strong>iustum</strong></span> 
     </span>
     <span class='ocr_line' id='line_1_18' title="bbox 103 1746 1108 1829; baseline 0.005 -24"><span class='ocrx_word' id='word_1_141' title='bbox 103 1755 215 1822; x_wconf 91' lang='lat' dir='ltr'><strong>tempus</strong></span> <span class='ocrx_word' id='word_1_142' title='bbox 232 1746 392 1823; x_wconf 81' lang='lat' dir='ltr'><strong>insignibus</strong></span> <span class='ocrx_word' id='word_1_143' title='bbox 414 1746 445 1805; x_wconf 90' lang='lat' dir='ltr'><strong>L.</strong></span> <span class='ocrx_word' id='word_1_144' title='bbox 462 1747 617 1808; x_wconf 79' lang='lat' dir='ltr'><strong>Antonium</strong></span> <span class='ocrx_word' id='word_1_145' title='bbox 633 1749 796 1825; x_wconf 90' lang='lat' dir='ltr'><strong>consulem,</strong></span> <span class='ocrx_word' id='word_1_146' title='bbox 816 1751 957 1809; x_wconf 85' lang='lat' dir='ltr'><strong>triumviri</strong></span> <span class='ocrx_word' id='word_1_147' title='bbox 978 1750 1108 1829; x_wconf 84' lang='lat' dir='ltr'><strong>fratrem,</strong></span> 
     </span>
     <span class='ocr_line' id='line_1_19' title="bbox 103 1828 1108 1913; baseline 0.004 -23"><span class='ocrx_word' id='word_1_148' title='bbox 103 1828 137 1890; x_wconf 92' lang='lat' dir='ltr'><strong>ad</strong></span> <span class='ocrx_word' id='word_1_149' title='bbox 153 1829 300 1889; x_wconf 88' lang='lat' dir='ltr'><strong>Perusiam</strong></span> <span class='ocrx_word' id='word_1_150' title='bbox 314 1839 441 1907; x_wconf 89' lang='lat' dir='ltr'><strong>secutus,</strong></span> <span class='ocrx_word' id='word_1_151' title='bbox 460 1831 605 1891; x_wconf 88' lang='lat' dir='ltr'><strong>deditione</strong></span> <span class='ocrx_word' id='word_1_152' title='bbox 620 1852 636 1892; x_wconf 88' lang='lat' dir='ltr'><strong>a</strong></span> <span class='ocrx_word' id='word_1_153' title='bbox 651 1835 757 1893; x_wconf 87' lang='lat' dir='ltr'><strong>ceteris</strong></span> <span class='ocrx_word' id='word_1_154' title='bbox 772 1833 860 1910; x_wconf 89' lang='lat' dir='ltr'><strong>lacta,</strong></span> <span class='ocrx_word' id='word_1_155' title='bbox 879 1832 960 1893; x_wconf 87' lang='lat' dir='ltr'><strong>solus</strong></span> <span class='ocrx_word' id='word_1_156' title='bbox 977 1853 1108 1913; x_wconf 91' lang='lat' dir='ltr'><strong>perman·</strong></span> 
     </span>
     <span class='ocr_line' id='line_1_20' title="bbox 102 1915 1108 1997; baseline 0.004 -24"><span class='ocrx_word' id='word_1_157' title='bbox 102 1915 178 1973; x_wconf 88' lang='lat' dir='ltr'><strong>sitin</strong></span> <span class='ocrx_word' id='word_1_158' title='bbox 195 1915 325 1991; x_wconf 92' lang='lat' dir='ltr'><strong>partibus</strong></span> <span class='ocrx_word' id='word_1_159' title='bbox 342 1933 376 1974; x_wconf 91' lang='lat' dir='ltr'><strong>ac</strong></span> <span class='ocrx_word' id='word_1_160' title='bbox 388 1917 480 1993; x_wconf 92' lang='lat' dir='ltr'><strong>primo</strong></span> <span class='ocrx_word' id='word_1_161' title='bbox 495 1915 662 1993; x_wconf 77' lang='lat' dir='ltr'><strong>Praeneste,</strong></span> <span class='ocrx_word' id='word_1_162' title='bbox 676 1916 741 1976; x_wconf 93' lang='lat' dir='ltr'><strong>iude</strong></span> <span class='ocrx_word' id='word_1_163' title='bbox 755 1916 909 1995; x_wconf 89' lang='lat' dir='ltr'><strong>Neapolim</strong></span> <span class='ocrx_word' id='word_1_164' title='bbox 925 1921 1035 1997; x_wconf 85' lang='lat' dir='ltr'><strong>evasit,</strong></span> <span class='ocrx_word' id='word_1_165' title='bbox 1053 1937 1108 1979; x_wconf 88' lang='lat' dir='ltr'><strong>ser·</strong></span> 
     </span>
     <span class='ocr_line' id='line_1_21' title="bbox 101 1997 1125 2079; baseline 0.005 -23"><span class='ocrx_word' id='word_1_166' title='bbox 101 1999 203 2076; x_wconf 88' lang='lat' dir='ltr'><strong>visque</strong></span> <span class='ocrx_word' id='word_1_167' title='bbox 222 1997 256 2057; x_wconf 90' lang='lat' dir='ltr'><strong>ad</strong></span> <span class='ocrx_word' id='word_1_168' title='bbox 272 1999 390 2077; x_wconf 91' lang='lat' dir='ltr'><strong>pilleum</strong></span> <span class='ocrx_word' id='word_1_169' title='bbox 405 1999 512 2059; x_wconf 81' lang='lat' dir='ltr'><strong>frustra</strong></span> <span class='ocrx_word' id='word_1_170' title='bbox 530 2002 641 2060; x_wconf 92' lang='lat' dir='ltr'><strong>vocatis</strong></span> <span class='ocrx_word' id='word_1_171' title='bbox 662 2002 689 2059; x_wconf 91' lang='lat' dir='ltr'><strong>in</strong></span> <span class='ocrx_word' id='word_1_172' title='bbox 712 2000 839 2060; x_wconf 93' lang='lat' dir='ltr'><strong>Siciliam</strong></span> <span class='ocrx_word' id='word_1_173' title='bbox 862 2001 1005 2079; x_wconf 77' lang='lat' dir='ltr'><strong>profugit.</strong></span> <span class='ocrx_word' id='word_1_174' title='bbox 1055 2001 1107 2063; x_wconf 89' lang='lat' dir='ltr'><strong>Sed</strong></span> <span class='ocrx_word' id='word_1_175' title='bbox 1119 2032 1125 2049; x_wconf 51' lang='grc' dir='ltr'><em>ι</em></span> 
     </span>
     <span class='ocr_line' id='line_1_22' title="bbox 100 2080 1108 2166; baseline 0.006 -26"><span class='ocrx_word' id='word_1_176' title='bbox 100 2080 217 2158; x_wconf 78' lang='lat' dir='ltr'><strong>indigne</strong></span> <span class='ocrx_word' id='word_1_177' title='bbox 238 2083 354 2160; x_wconf 82' lang='lat' dir='ltr'><strong>ferens,</strong></span> <span class='ocrx_word' id='word_1_178' title='bbox 379 2100 434 2141; x_wconf 92' lang='lat' dir='ltr'><strong>nec</strong></span> <span class='ocrx_word' id='word_1_179' title='bbox 449 2084 544 2142; x_wconf 89' lang='lat' dir='ltr'><strong>statim</strong></span> <span class='ocrx_word' id='word_1_180' title='bbox 565 2103 597 2142; x_wconf 86' lang='lat' dir='ltr'><strong>se</strong></span> <span class='ocrx_word' id='word_1_181' title='bbox 622 2086 650 2142; x_wconf 93' lang='lat' dir='ltr'><strong>in</strong></span> <span class='ocrx_word' id='word_1_182' title='bbox 673 2093 862 2162; x_wconf 92' lang='lat' dir='ltr'><strong>conspectum</strong></span> <span class='ocrx_word' id='word_1_183' title='bbox 885 2085 968 2145; x_wconf 83' lang='lat' dir='ltr'><strong>Sexti</strong></span> <span class='ocrx_word' id='word_1_184' title='bbox 988 2086 1108 2166; x_wconf 90' lang='lat' dir='ltr'><strong>Pompei</strong></span> 
     </span>
     <span class='ocr_line' id='line_1_23' title="bbox 101 2165 1109 2245; baseline 0.003 -19"><span class='ocrx_word' id='word_1_185' title='bbox 101 2165 252 2226; x_wconf 90' lang='lat' dir='ltr'><strong>admissum</strong></span> <span class='ocrx_word' id='word_1_186' title='bbox 267 2176 296 2226; x_wconf 93' lang='lat' dir='ltr'><strong>et</strong></span> <span class='ocrx_word' id='word_1_187' title='bbox 310 2167 431 2226; x_wconf 84' lang='lat' dir='ltr'><strong>fascium</strong></span> <span class='ocrx_word' id='word_1_188' title='bbox 446 2185 497 2226; x_wconf 94' lang='lat' dir='ltr'><strong>usu</strong></span> <span class='ocrx_word' id='word_1_189' title='bbox 512 2167 701 2245; x_wconf 88' lang='lat' dir='ltr'><strong>prohibitum,</strong></span> <span class='ocrx_word' id='word_1_190' title='bbox 717 2168 752 2228; x_wconf 94' lang='lat' dir='ltr'><strong>ad</strong></span> <span class='ocrx_word' id='word_1_191' title='bbox 766 2168 804 2228; x_wconf 87' lang='lat' dir='ltr'><strong>bl.</strong></span> <span class='ocrx_word' id='word_1_192' title='bbox 820 2168 977 2228; x_wconf 80' lang='lat' dir='ltr'><strong>Antonium</strong></span> <span class='ocrx_word' id='word_1_193' title='bbox 993 2173 1109 2231; x_wconf 88' lang='lat' dir='ltr'><strong>traiecit</strong></span> 
     </span>
     <span class='ocr_line' id='line_1_24' title="bbox 100 2249 1108 2334; baseline 0.006 -26"><span class='ocrx_word' id='word_1_194' title='bbox 100 2251 128 2308; x_wconf 94' lang='lat' dir='ltr'><strong>in</strong></span> <span class='ocrx_word' id='word_1_195' title='bbox 142 2249 291 2310; x_wconf 83' lang='lat' dir='ltr'><strong>Achaiam.</strong></span> <span class='ocrx_word' id='word_1_196' title='bbox 337 2249 407 2310; x_wconf 77' lang='lat' dir='ltr'><strong>(lum</strong></span> <span class='ocrx_word' id='word_1_197' title='bbox 422 2269 494 2329; x_wconf 93' lang='lat' dir='ltr'><strong>quo,</strong></span> <span class='ocrx_word' id='word_1_198' title='bbox 512 2250 595 2310; x_wconf 89' lang='lat' dir='ltr'><strong>brevi</strong></span> <span class='ocrx_word' id='word_1_199' title='bbox 612 2252 802 2312; x_wconf 89' lang='lat' dir='ltr'><strong>reconciliata</strong></span> <span class='ocrx_word' id='word_1_200' title='bbox 822 2254 898 2312; x_wconf 90' lang='lat' dir='ltr'><strong>inter</strong></span> <span class='ocrx_word' id='word_1_201' title='bbox 912 2255 1007 2313; x_wconf 93' lang='lat' dir='ltr'><strong>omnis</strong></span> <span class='ocrx_word' id='word_1_202' title='bbox 1024 2272 1108 2334; x_wconf 89' lang='lat' dir='ltr'><strong>pace,</strong></span> 
     </span>
     <span class='ocr_line' id='line_1_25' title="bbox 99 2333 1107 2414; baseline 0.004 -21"><span class='ocrx_word' id='word_1_203' title='bbox 99 2333 218 2393; x_wconf 88' lang='lat' dir='ltr'><strong>Romam</strong></span> <span class='ocrx_word' id='word_1_204' title='bbox 232 2334 315 2412; x_wconf 92' lang='lat' dir='ltr'><strong>redit,</strong></span> <span class='ocrx_word' id='word_1_205' title='bbox 329 2353 507 2413; x_wconf 87' lang='lat' dir='ltr'><strong>uxoremque</strong></span> <span class='ocrx_word' id='word_1_206' title='bbox 522 2335 629 2395; x_wconf 89' lang='lat' dir='ltr'><strong>Liviam</strong></span> <span class='ocrx_word' id='word_1_207' title='bbox 642 2333 808 2412; x_wconf 89' lang='lat' dir='ltr'><strong>Drusillam,</strong></span> <span class='ocrx_word' id='word_1_208' title='bbox 824 2344 854 2395; x_wconf 92' lang='lat' dir='ltr'><strong>et</strong></span> <span class='ocrx_word' id='word_1_209' title='bbox 869 2344 937 2396; x_wconf 92' lang='lat' dir='ltr'><strong>tunc</strong></span> <span class='ocrx_word' id='word_1_210' title='bbox 955 2338 1107 2414; x_wconf 85' lang='lat' dir='ltr'><strong>gravidam</strong></span> 
     </span>
     <span class='ocr_line' id='line_1_26' title="bbox 101 2419 1128 2498; baseline 0.005 -23"><span class='ocrx_word' id='word_1_211' title='bbox 101 2425 130 2476; x_wconf 90' lang='lat' dir='ltr'><strong>et</strong></span> <span class='ocrx_word' id='word_1_212' title='bbox 145 2427 210 2476; x_wconf 93' lang='lat' dir='ltr'><strong>ante</strong></span> <span class='ocrx_word' id='word_1_213' title='bbox 227 2420 281 2477; x_wconf 92' lang='lat' dir='ltr'><strong>iam</strong></span> <span class='ocrx_word' id='word_1_214' title='bbox 297 2419 371 2496; x_wconf 91' lang='lat' dir='ltr'><strong>apud</strong></span> <span class='ocrx_word' id='word_1_215' title='bbox 387 2437 420 2478; x_wconf 88' lang='lat' dir='ltr'><strong>se</strong></span> <span class='ocrx_word' id='word_1_216' title='bbox 432 2419 519 2478; x_wconf 91' lang='lat' dir='ltr'><strong>lilium</strong></span> <span class='ocrx_word' id='word_1_217' title='bbox 534 2421 656 2496; x_wconf 90' lang='lat' dir='ltr'><strong>enixam,</strong></span> <span class='ocrx_word' id='word_1_218' title='bbox 672 2422 782 2498; x_wconf 90' lang='lat' dir='ltr'><strong>petenti</strong></span> <span class='ocrx_word' id='word_1_219' title='bbox 795 2419 928 2496; x_wconf 83' lang='lat' dir='ltr'><strong>Augusto</strong></span> <span class='ocrx_word' id='word_1_220' title='bbox 947 2424 1106 2482; x_wconf 88' lang='lat' dir='ltr'><strong>concessit.</strong></span> <span class='ocrx_word' id='word_1_221' title='bbox 1121 2458 1128 2471; x_wconf 76' lang='lat'><em>›</em></span> 
     </span>
     <span class='ocr_line' id='line_1_27' title="bbox 99 2499 1107 2584; baseline 0.006 -24"><span class='ocrx_word' id='word_1_222' title='bbox 99 2499 163 2560; x_wconf 89' lang='lat' dir='ltr'><strong>Nec</strong></span> <span class='ocrx_word' id='word_1_223' title='bbox 179 2502 267 2560; x_wconf 91' lang='lat' dir='ltr'><strong>multo</strong></span> <span class='ocrx_word' id='word_1_224' title='bbox 283 2512 350 2579; x_wconf 93' lang='lat' dir='ltr'><strong>post</strong></span> <span class='ocrx_word' id='word_1_225' title='bbox 365 2503 439 2562; x_wconf 92' lang='lat' dir='ltr'><strong>diem</strong></span> <span class='ocrx_word' id='word_1_226' title='bbox 457 2503 543 2581; x_wconf 91' lang='lat' dir='ltr'><strong>obiit,</strong></span> <span class='ocrx_word' id='word_1_227' title='bbox 560 2513 681 2582; x_wconf 91' lang='lat' dir='ltr'><strong>utroque</strong></span> <span class='ocrx_word' id='word_1_228' title='bbox 697 2503 854 2563; x_wconf 89' lang='lat' dir='ltr'><strong>liberorum</strong></span> <span class='ocrx_word' id='word_1_229' title='bbox 871 2507 1045 2584; x_wconf 85' lang='lat' dir='ltr'><strong>superstite,</strong></span> <span class='ocrx_word' id='word_1_230' title='bbox 1063 2506 1107 2566; x_wconf 80' lang='lat' dir='ltr'><strong>&#39;l&#39;i-</strong></span> 
     </span>
     <span class='ocr_line' id='line_1_28' title="bbox 100 2584 540 2663; baseline 0.007 -21"><span class='ocrx_word' id='word_1_231' title='bbox 100 2584 183 2644; x_wconf 92' lang='lat' dir='ltr'><strong>berio</strong></span> <span class='ocrx_word' id='word_1_232' title='bbox 198 2584 351 2663; x_wconf 93' lang='lat' dir='ltr'><strong>Drusoque</strong></span> <span class='ocrx_word' id='word_1_233' title='bbox 367 2586 540 2646; x_wconf 87' lang='lat' dir='ltr'><strong>Neronibus.</strong></span> 
     </span>
    </p>

    <p class='ocr_par' dir='ltr' id='par_1_5' title="bbox 66 2667 1127 3422">
     <span class='ocr_line' id='line_1_29' title="bbox 66 2667 1107 2748; baseline 0.006 -21"><span class='ocrx_word' id='word_1_234' title='bbox 66 2674 85 2727; x_wconf 76' lang='grc'><strong>5</strong></span> <span class='ocrx_word' id='word_1_235' title='bbox 163 2667 307 2727; x_wconf 83' lang='lat' dir='ltr'><strong>Tiberium</strong></span> <span class='ocrx_word' id='word_1_236' title='bbox 323 2669 435 2747; x_wconf 91' lang='lat' dir='ltr'><strong>quidam</strong></span> <span class='ocrx_word' id='word_1_237' title='bbox 450 2670 556 2730; x_wconf 82' lang='lat' dir='ltr'><strong>Fundis</strong></span> <span class='ocrx_word' id='word_1_238' title='bbox 572 2679 667 2730; x_wconf 92' lang='lat' dir='ltr'><strong>natum</strong></span> <span class='ocrx_word' id='word_1_239' title='bbox 683 2671 933 2748; x_wconf 86' lang='lat' dir='ltr'><strong>existimaverunt,</strong></span> <span class='ocrx_word' id='word_1_240' title='bbox 955 2675 1052 2732; x_wconf 91' lang='lat' dir='ltr'><strong>secuti</strong></span> <span class='ocrx_word' id='word_1_241' title='bbox 1067 2673 1107 2733; x_wconf 95' lang='lat' dir='ltr'><strong>le-</strong></span> 
     </span>
     <span class='ocr_line' id='line_1_30' title="bbox 99 2754 1109 2834; baseline 0.003 -21"><span class='ocrx_word' id='word_1_242' title='bbox 99 2771 164 2813; x_wconf 90' lang='lat' dir='ltr'><strong>vem</strong></span> <span class='ocrx_word' id='word_1_243' title='bbox 180 2755 391 2828; x_wconf 92' lang='lat' dir='ltr'><strong>coniecturam,</strong></span> <span class='ocrx_word' id='word_1_244' title='bbox 410 2754 486 2831; x_wconf 94' lang='lat' dir='ltr'><strong>quod</strong></span> <span class='ocrx_word' id='word_1_245' title='bbox 501 2764 629 2814; x_wconf 91' lang='lat' dir='ltr'><strong>materna</strong></span> <span class='ocrx_word' id='word_1_246' title='bbox 644 2757 705 2814; x_wconf 90' lang='lat' dir='ltr'><strong>eius</strong></span> <span class='ocrx_word' id='word_1_247' title='bbox 722 2757 786 2815; x_wconf 79' lang='lat' dir='ltr'><strong>avia</strong></span> <span class='ocrx_word' id='word_1_248' title='bbox 804 2754 942 2815; x_wconf 84' lang='lat' dir='ltr'><strong>Fundana</strong></span> <span class='ocrx_word' id='word_1_249' title='bbox 955 2756 1063 2834; x_wconf 88' lang='lat' dir='ltr'><strong>luerit,</strong></span> <span class='ocrx_word' id='word_1_250' title='bbox 1080 2766 1109 2816; x_wconf 93' lang='lat' dir='ltr'><strong>et</strong></span> 
     </span>
     <span class='ocr_line' id='line_1_31' title="bbox 99 2836 1127 2919; baseline 0.002 -21"><span class='ocrx_word' id='word_1_251' title='bbox 99 2836 175 2919; x_wconf 95' lang='lat' dir='ltr'><strong>quod</strong></span> <span class='ocrx_word' id='word_1_252' title='bbox 191 2855 258 2896; x_wconf 91' lang='lat' dir='ltr'><strong>mox</strong></span> <span class='ocrx_word' id='word_1_253' title='bbox 279 2837 459 2895; x_wconf 90' lang='lat' dir='ltr'><strong>simulacrum</strong></span> <span class='ocrx_word' id='word_1_254' title='bbox 473 2837 632 2898; x_wconf 88' lang='lat' dir='ltr'><strong>Felicitatis</strong></span> <span class='ocrx_word' id='word_1_255' title='bbox 652 2858 689 2897; x_wconf 87' lang='lat' dir='ltr'><strong>ex</strong></span> <span class='ocrx_word' id='word_1_256' title='bbox 705 2839 734 2898; x_wconf 94' lang='lat' dir='ltr'><strong>S.</strong></span> <span class='ocrx_word' id='word_1_257' title='bbox 752 2837 784 2898; x_wconf 80' lang='lat' dir='ltr'><strong>(l.</strong></span> <span class='ocrx_word' id='word_1_258' title='bbox 804 2838 980 2917; x_wconf 88' lang='lat' dir='ltr'><strong>publicatum</strong></span> <span class='ocrx_word' id='word_1_259' title='bbox 1002 2839 1044 2898; x_wconf 95' lang='lat' dir='ltr'><strong>ibi</strong></span> <span class='ocrx_word' id='word_1_260' title='bbox 1060 2843 1105 2900; x_wconf 91' lang='lat' dir='ltr'><strong>sit.</strong></span> <span class='ocrx_word' id='word_1_261' title='bbox 1120 2868 1127 2880; x_wconf 73' lang='lat'><strong>.</strong></span> 
     </span>
     <span class='ocr_line' id='line_1_32' title="bbox 99 2921 1106 3000; baseline 0 -17"><span class='ocrx_word' id='word_1_262' title='bbox 99 2923 158 2983; x_wconf 91' lang='lat' dir='ltr'><strong>Sed</strong></span> <span class='ocrx_word' id='word_1_263' title='bbox 171 2932 201 2981; x_wconf 91' lang='lat' dir='ltr'><strong>ut</strong></span> <span class='ocrx_word' id='word_1_264' title='bbox 216 2921 313 3000; x_wconf 86' lang='lat' dir='ltr'><strong>plures</strong></span> <span class='ocrx_word' id='word_1_265' title='bbox 331 2923 529 3000; x_wconf 88' lang='lat' dir='ltr'><strong>certioresque</strong></span> <span class='ocrx_word' id='word_1_266' title='bbox 546 2923 673 2998; x_wconf 90' lang='lat' dir='ltr'><strong>tradunt,</strong></span> <span class='ocrx_word' id='word_1_267' title='bbox 689 2931 771 2981; x_wconf 93' lang='lat' dir='ltr'><strong>natus</strong></span> <span class='ocrx_word' id='word_1_268' title='bbox 791 2931 836 2982; x_wconf 92' lang='lat' dir='ltr'><strong>est</strong></span> <span class='ocrx_word' id='word_1_269' title='bbox 849 2923 960 2982; x_wconf 85' lang='lat' dir='ltr'><strong>Romae</strong></span> <span class='ocrx_word' id='word_1_270' title='bbox 977 2925 1005 2981; x_wconf 92' lang='lat' dir='ltr'><strong>in</strong></span> <span class='ocrx_word' id='word_1_271' title='bbox 1023 2923 1106 2983; x_wconf 90' lang='lat' dir='ltr'><strong>Pala-</strong></span> 
     </span>
     <span class='ocr_line' id='line_1_33' title="bbox 98 3004 1106 3084; baseline 0 -17"><span class='ocrx_word' id='word_1_272' title='bbox 98 3011 138 3069; x_wconf 94' lang='lat' dir='ltr'><strong>tio</strong></span> <span class='ocrx_word' id='word_1_273' title='bbox 163 3006 241 3067; x_wconf 93' lang='lat' dir='ltr'>XVI.</span> <span class='ocrx_word' id='word_1_274' title='bbox 266 3005 330 3064; x_wconf 85' lang='lat' dir='ltr'><strong>llal.</strong></span> <span class='ocrx_word' id='word_1_275' title='bbox 348 3004 420 3064; x_wconf 91' lang='lat' dir='ltr'><strong>Dec.</strong></span> <span class='ocrx_word' id='word_1_276' title='bbox 444 3005 482 3065; x_wconf 86' lang='grc' dir='ltr'><strong>Μ.</strong></span> <span class='ocrx_word' id='word_1_277' title='bbox 504 3006 628 3066; x_wconf 83' lang='lat' dir='ltr'><strong>Aemilio</strong></span> <span class='ocrx_word' id='word_1_278' title='bbox 646 3006 756 3084; x_wconf 90' lang='lat' dir='ltr'><strong>Lepido</strong></span> <span class='ocrx_word' id='word_1_279' title='bbox 779 3008 896 3084; x_wconf 91' lang='lat' dir='ltr'><strong>iterum,</strong></span> <span class='ocrx_word' id='word_1_280' title='bbox 922 3006 953 3065; x_wconf 87' lang='lat' dir='ltr'><strong>b.</strong></span> <span class='ocrx_word' id='word_1_281' title='bbox 974 3006 1106 3068; x_wconf 87' lang='lat' dir='ltr'><strong>Munatio</strong></span> 
     </span>
     <span class='ocr_line' id='line_1_34' title="bbox 98 3089 1107 3168; baseline 0 -16"><span class='ocrx_word' id='word_1_282' title='bbox 98 3091 206 3153; x_wconf 89' lang='lat' dir='ltr'><strong>Planco</strong></span> <span class='ocrx_word' id='word_1_283' title='bbox 225 3109 320 3150; x_wconf 92' lang='lat' dir='ltr'><strong>conss.</strong></span> <span class='ocrx_word' id='word_1_284' title='bbox 344 3108 397 3168; x_wconf 89' lang='lat' dir='ltr'><strong>per</strong></span> <span class='ocrx_word' id='word_1_285' title='bbox 418 3089 524 3149; x_wconf 92' lang='lat' dir='ltr'><strong>bellum</strong></span> <span class='ocrx_word' id='word_1_286' title='bbox 546 3091 742 3168; x_wconf 89' lang='lat' dir='ltr'><strong>Philippense.</strong></span> <span class='ocrx_word' id='word_1_287' title='bbox 791 3092 839 3149; x_wconf 93' lang='lat' dir='ltr'><strong>Sic</strong></span> <span class='ocrx_word' id='word_1_288' title='bbox 862 3092 986 3150; x_wconf 91' lang='lat' dir='ltr'><strong>enimin</strong></span> <span class='ocrx_word' id='word_1_289' title='bbox 1010 3092 1107 3152; x_wconf 85' lang='lat' dir='ltr'><strong>fastos</strong></span> 
     </span>
     <span class='ocr_line' id='line_1_35' title="bbox 98 3174 1107 3255; baseline -0.003 -18"><span class='ocrx_word' id='word_1_290' title='bbox 98 3188 220 3255; x_wconf 91' lang='lat' dir='ltr'><strong>actaque</strong></span> <span class='ocrx_word' id='word_1_291' title='bbox 237 3177 264 3233; x_wconf 95' lang='lat' dir='ltr'><strong>in</strong></span> <span class='ocrx_word' id='word_1_292' title='bbox 279 3174 394 3253; x_wconf 93' lang='lat' dir='ltr'><strong>publica</strong></span> <span class='ocrx_word' id='word_1_293' title='bbox 409 3174 529 3233; x_wconf 87' lang='lat' dir='ltr'><strong>relatum</strong></span> <span class='ocrx_word' id='word_1_294' title='bbox 545 3185 598 3233; x_wconf 91' lang='lat' dir='ltr'><strong>est.</strong></span> <span class='ocrx_word' id='word_1_295' title='bbox 617 3174 679 3232; x_wconf 91' lang='lat' dir='ltr'><strong>Nec</strong></span> <span class='ocrx_word' id='word_1_296' title='bbox 697 3183 790 3233; x_wconf 90' lang='lat' dir='ltr'><strong>tamen</strong></span> <span class='ocrx_word' id='word_1_297' title='bbox 804 3174 917 3251; x_wconf 90' lang='lat' dir='ltr'><strong>desunt,</strong></span> <span class='ocrx_word' id='word_1_298' title='bbox 932 3177 979 3253; x_wconf 92' lang='lat' dir='ltr'><strong>qui</strong></span> <span class='ocrx_word' id='word_1_299' title='bbox 997 3177 1107 3251; x_wconf 91' lang='lat' dir='ltr'><strong>partim</strong></span> 
     </span>
     <span class='ocr_line' id='line_1_36' title="bbox 98 3259 1127 3337; baseline -0.004 -16"><span class='ocrx_word' id='word_1_300' title='bbox 98 3260 289 3321; x_wconf 85' lang='lat' dir='ltr'><strong>antecedente</strong></span> <span class='ocrx_word' id='word_1_301' title='bbox 312 3277 401 3337; x_wconf 89' lang='lat' dir='ltr'><strong>anno,</strong></span> <span class='ocrx_word' id='word_1_302' title='bbox 417 3259 490 3318; x_wconf 90' lang='lat' dir='ltr'><strong>Hirti</strong></span> <span class='ocrx_word' id='word_1_303' title='bbox 519 3278 553 3318; x_wconf 92' lang='lat' dir='ltr'><strong>ac</strong></span> <span class='ocrx_word' id='word_1_304' title='bbox 568 3259 694 3334; x_wconf 84' lang='lat' dir='ltr'><strong>Pansae,</strong></span> <span class='ocrx_word' id='word_1_305' title='bbox 717 3261 819 3337; x_wconf 87' lang='lat' dir='ltr'><strong>partim</strong></span> <span class='ocrx_word' id='word_1_306' title='bbox 841 3260 1013 3336; x_wconf 92' lang='lat' dir='ltr'><strong>insequenti,</strong></span> <span class='ocrx_word' id='word_1_307' title='bbox 1037 3261 1127 3317; x_wconf 85' lang='lat' dir='ltr'><strong>Ser-a</strong></span> 
     </span>
     <span class='ocr_line' id='line_1_37' title="bbox 99 3343 1105 3422; baseline -0.001 -21"><span class='ocrx_word' id='word_1_308' title='bbox 99 3346 149 3404; x_wconf 91' lang='lat' dir='ltr'><strong>vili</strong></span> <span class='ocrx_word' id='word_1_309' title='bbox 162 3346 280 3404; x_wconf 88' lang='lat' dir='ltr'><strong>Isaurici</strong></span> <span class='ocrx_word' id='word_1_310' title='bbox 298 3344 327 3403; x_wconf 89' lang='lat' dir='ltr'><strong>L.</strong></span> <span class='ocrx_word' id='word_1_311' title='bbox 344 3363 399 3422; x_wconf 93' lang='lat' dir='ltr'><strong>que</strong></span> <span class='ocrx_word' id='word_1_312' title='bbox 417 3344 533 3402; x_wconf 81' lang='lat' dir='ltr'><strong>Antonii</strong></span> <span class='ocrx_word' id='word_1_313' title='bbox 553 3344 717 3418; x_wconf 90' lang='lat' dir='ltr'><strong>consulatu,</strong></span> <span class='ocrx_word' id='word_1_314' title='bbox 739 3346 866 3419; x_wconf 89' lang='lat' dir='ltr'><strong>genitum</strong></span> <span class='ocrx_word' id='word_1_315' title='bbox 885 3361 948 3401; x_wconf 92' lang='lat' dir='ltr'><strong>eum</strong></span> <span class='ocrx_word' id='word_1_316' title='bbox 964 3343 1105 3401; x_wconf 88' lang='lat' dir='ltr'><strong>scribant.</strong></span> 
     </span>
    </p>

    <p class='ocr_par' dir='ltr' id='par_1_6' title="bbox 62 3426 1104 3590">
     <span class='ocr_line' id='line_1_38' title="bbox 62 3426 1104 3506; baseline -0.003 -20"><span class='ocrx_word' id='word_1_317' title='bbox 62 3431 83 3486; x_wconf 84' lang='grc'><strong>6</strong></span> <span class='ocrx_word' id='word_1_318' title='bbox 160 3429 308 3487; x_wconf 87' lang='lat' dir='ltr'><strong>lnlantiam</strong></span> <span class='ocrx_word' id='word_1_319' title='bbox 331 3431 537 3506; x_wconf 89' lang='lat' dir='ltr'><strong>pueritiamque</strong></span> <span class='ocrx_word' id='word_1_320' title='bbox 564 3426 660 3486; x_wconf 88' lang='lat' dir='ltr'><strong>habuit</strong></span> <span class='ocrx_word' id='word_1_321' title='bbox 685 3426 858 3486; x_wconf 88' lang='lat' dir='ltr'><strong>laboriosam</strong></span> <span class='ocrx_word' id='word_1_322' title='bbox 881 3435 910 3484; x_wconf 91' lang='lat' dir='ltr'><strong>et</strong></span> <span class='ocrx_word' id='word_1_323' title='bbox 933 3429 1104 3503; x_wconf 83' lang='lat' dir='ltr'><strong>exercitam,</strong></span> 
     </span>
     <span class='ocr_line' id='line_1_39' title="bbox 98 3509 1103 3590; baseline 0.001 -22"><span class='ocrx_word' id='word_1_324' title='bbox 98 3527 199 3571; x_wconf 92' lang='lat' dir='ltr'><strong>comes</strong></span> <span class='ocrx_word' id='word_1_325' title='bbox 213 3529 427 3590; x_wconf 91' lang='lat' dir='ltr'><strong>usquequaque</strong></span> <span class='ocrx_word' id='word_1_326' title='bbox 444 3521 592 3589; x_wconf 89' lang='lat' dir='ltr'><strong>parentum</strong></span> <span class='ocrx_word' id='word_1_327' title='bbox 606 3511 708 3587; x_wconf 88' lang='lat' dir='ltr'><strong>lugae;</strong></span> <span class='ocrx_word' id='word_1_328' title='bbox 726 3529 797 3588; x_wconf 94' lang='lat' dir='ltr'><strong>quos</strong></span> <span class='ocrx_word' id='word_1_329' title='bbox 810 3510 923 3589; x_wconf 89' lang='lat' dir='ltr'><strong>quidem</strong></span> <span class='ocrx_word' id='word_1_330' title='bbox 937 3509 1013 3588; x_wconf 95' lang='lat' dir='ltr'><strong>apud</strong></span> <span class='ocrx_word' id='word_1_331' title='bbox 1025 3509 1103 3570; x_wconf 91' lang='lat' dir='ltr'><strong>Nea-</strong></span> 
     </span>
    </p>
   </div>
   <div class='ocr_carea' id='block_1_3' title="bbox 0 0 1132 3930">
    <p class='ocr_par' dir='ltr' id='par_1_7' title="bbox 0 0 1132 3930">
     <span class='ocr_line' id='line_1_40' title="bbox 0 0 1132 3930; baseline 0 3"><span class='ocrx_word' id='word_1_332' title='bbox 0 0 1132 3930; x_wconf 95' lang='lat' dir='ltr'><strong> </strong></span> 
     </span>
    </p>
   </div>
  </div>
 </body>
</html>
