2256 3930
90 212 172 260 xclv
429 208 636 256 PRAEFATIO.

89 374 221 432 tacentis
244 386 357 437 omnes,
378 372 504 440 propriis
525 367 663 423 Arevalus
687 360 693 444 Ι
718 373 751 427 95
770 367 911 423 strumas
928 385 987 440 ego,

89 457 193 510 tracias
207 454 312 512 Basilis·
336 453 452 510 Bambt.
482 451 603 506 trucidas
618 451 720 522 reliqui
732 458 805 508 octo.
840 449 988 509 torosam

91 539 217 606 Grialus,
240 537 291 592 sed
312 536 336 591 is
360 537 412 590 luit
427 536 454 590 in
469 536 529 591 Xll.
566 535 708 591 Thraciam
724 541 835 590 ventum
851 536 988 593 nominem

89 621 258 678 Aristoteles
273 638 298 692 p.
312 625 362 679 979
374 620 481 688 Weise,
499 619 628 687 Galenus,
646 617 838 688 Philargyrios
851 619 889 676 ad
906 620 987 690 Verg.

91 707 139 761 Ge.
157 711 189 773 4,
208 710 275 773 298,
296 719 414 759 marmor
429 703 708 767 Pio-Clementinum;
726 701 776 756 cir.
792 703 988 759 Zimmermann

88 789 224 844 zeitschr.
244 788 263 841 l.
282 787 309 841 d.
322 787 394 841 AW.
412 793 478 846 1841
497 804 524 858 p.
542 792 601 844 131.
620 790 672 845 136
689 778 695 865 Ι
719 791 752 844 25
769 784 859 841 Gallia
875 788 987 845 annua.

89 879 118 928 ct
138 889 153 927 a
170 870 292 927 secunda
311 887 390 926 mann
413 870 510 925 llonac
523 876 548 926 l.
574 870 701 940 palliata,
720 870 875 941 pattaecta,
889 873 988 943 acatia

88 955 205 1026 reliqui;
229 955 325 1008 eadem
342 954 460 1009 variatio
481 953 599 1022 Etymol.
622 959 722 1022 13,11.
1027 948 1030 1027 Ι

150 1039 180 1092 ln
192 1037 326 1092 Prisciani
342 1037 430 1092 tribus
443 1036 597 1106 locisquod
612 1036 765 1092 Dorvillius
780 1037 908 1093 coniecit
919 1037 988 1094 Pra-
1023 1046 1030 1115 Ι

87 1128 190 1189 taram,
212 1121 345 1192 probavi,
374 1136 534 1190 quamquam
557 1119 621 1175 libri
647 1125 806 1176 constanter
824 1119 988 1178 Praetornm

88 1206 224 1273 retinent,
248 1204 343 1258 ultimo
364 1205 427 1258 loco
450 1209 587 1275 excepto,
610 1202 657 1258 ubi
673 1203 763 1259 codex
784 1220 856 1260 unus
880 1211 910 1261 ct
924 1207 988 1261 aller

83 1304 238 1361 praeeram
263 1288 346 1341 habet
366 1288 411 1342 vel
436 1294 590 1357 pactorum.
637 1286 693 1342 Sed
715 1303 774 1342 cum
795 1287 831 1344 de
847 1287 988 1345 Pratorum

88 1373 170 1428 libris
185 1387 231 1426 res
247 1377 325 1425 extra
336 1369 535 1425 dubitationem
549 1371 640 1441 posita
656 1371 703 1439 sit,
718 1370 882 1427 Praetorum
900 1367 986 1444 virt)

88 1455 182 1510 Latine
202 1454 345 1522 dicantur,
363 1469 423 1506 cum
445 1455 609 1524 praesertim
630 1471 711 1509 unum
724 1454 887 1511 Praeturam
902 1457 987 1511 locum

86 1539 211 1594 Isidorus
230 1538 264 1593 de
280 1537 368 1592 Pratis
386 1537 576 1608 decerpserit,
599 1538 644 1592 vel
668 1554 701 1592 ne
724 1538 836 1593 nimium
853 1539 945 1595 dicam
962 1540 985 1594 in

87 1622 185 1677 libello
213 1621 260 1676 obi
282 1621 371 1676 Pratis
400 1638 465 1676 usus
490 1628 533 1675 est
560 1621 776 1693 perscripserit,
805 1624 985 1678 excellentem
1019 1663 1028 1687 ,

88 1705 306 1760 emendationem
322 1721 377 1760 non
390 1705 492 1759 diutius
508 1705 706 1760 excludendam
724 1705 893 1762 existimavi.
940 1705 975 1761 Oe

87 1795 175 1842 terum
198 1788 393 1843 Priscianusne
419 1805 453 1843 an
479 1787 610 1843 librarius
630 1788 735 1843 erroris
760 1790 922 1858 arguendus
944 1789 987 1858 sil,

87 1889 141 1927 non
157 1872 246 1942 magis
263 1873 384 1927 decerno
401 1887 481 1941 quam
496 1873 550 1926 utri
567 1871 708 1925 Plaetoria
724 1873 786 1940 lex,
804 1872 839 1927 de
863 1889 918 1943 qua
935 1872 987 1927 lle-

86 1955 240 2010 racleensis
256 1956 349 2010 tabula
363 1971 423 2026 cap.
437 1955 499 2008 Vlll
515 1955 595 2010 lldcm
613 1955 696 2025 lacit,
712 1955 739 2009 in
753 1954 914 2011 Laetorium
927 1972 986 2012 cor·

87 2045 166 2110 rupta
182 2039 340 2111 imputetur.

147 2123 176 2176 P.
199 2128 266 2193 306,
292 2129 306 2179 l
330 2121 445 2193 palteati
473 2121 543 2176 alias
572 2137 625 2176 non
652 2122 841 2187 nominantem
867 2123 987 2194 pattatos

86 2205 238 2274 Martialis,
261 2206 396 2277 palpantis
422 2205 524 2258 Plinius
552 2205 629 2260 novit
654 2201 660 2277 Ι
688 2208 755 2264 3in
769 2205 838 2261 libro
852 2206 892 2262 X.
917 2207 985 2264 Preti
1018 2138 1029 2274 Ι

86 2297 152 2361 puto
182 2280 187 2367 Ι
213 2295 229 2347 6
248 2289 397 2345 Suetonius
419 2287 597 2358 Tranquillas
618 2288 719 2360 scripsi
738 2287 790 2361 pro
806 2305 841 2345 eo
864 2292 940 2362 quod
961 2289 984 2345 ln

87 2373 185 2427 codice
201 2373 305 2442 legitur
317 2370 436 2426 Sitonias
450 2369 510 2444 (vel
524 2367 664 2444 Sidonias)
677 2371 847 2436 Crancitlas,·
861 2374 986 2430 similiter
1016 2304 1028 2442 Ι

87 2474 113 2526 p.
131 2461 193 2523 282,
208 2461 225 2514 3
237 2461 264 2509 et
278 2462 296 2514 8
310 2454 430 2510 Sitonius
443 2461 470 2508 et
486 2453 613 2525 Spioniae
625 2455 720 2511 Petrus
736 2456 833 2511 Daniel
851 2458 986 2525 ediderat,

87 2544 115 2591 et
131 2555 159 2608 p.
178 2543 239 2607 306,
256 2546 286 2594 11
305 2538 396 2592 codex
410 2539 560 2592 Beruensis
576 2537 671 2593 Stanio
688 2541 772 2595 habet
790 2533 795 2617 Ι
813 2545 831 2599 8
847 2543 986 2596 existima-

87 2627 132 2675 tur
144 2637 198 2690 ego
214 2638 265 2692 pro
281 2623 441 2675 aestimatur
459 2613 464 2698 Ι
486 2626 516 2680 16
533 2622 625 2676 scrita
641 2622 771 2678 librarius
787 2624 940 2680 aVarrone
955 2625 987 2681 de

79 2697 118 2758 ¹re
137 2721 160 2758 r.
178 2711 211 2774 3,
227 2711 257 2772 2,
275 2711 308 2762 14
324 2711 552 2759 commemoratur
571 2700 576 2781 Ι
596 2712 629 2764 18
640 2708 802 2762 contectales
817 2708 884 2762 olim
901 2708 985 2764 luisse

87 2779 226 2855 videntur,
243 2806 258 2842 a
273 2788 401 2843 conluvie
417 2778 508 2842 rerum
520 2789 587 2843 dicti
607 2783 612 2866 Ι
631 2795 663 2846 21
678 2789 752 2862 sapit
766 2806 820 2860 ego
836 2807 889 2862 pro
905 2785 984 2868 sapit}

86 2875 119 2928 25
133 2869 248 2925 Verrius
259 2872 377 2926 Flaccus
390 2913 396 2925 .
407 2913 412 2925 .
423 2872 550 2940 protavit
561 2911 568 2925 .
578 2910 584 2924 .
595 2872 659 2927 huie
674 2875 829 2928 adsentiens
844 2875 985 2946 Scaliger;

87 2954 229 3009 deVerrio
245 2955 345 3010 Flacco
360 2962 387 3009 et
399 2954 500 3010 Granio
512 2957 612 3011 Flacco
625 2956 865 3027 intelligitOdoir.
874 2953 984 3032 lliillerl

94 3067 154 3073 --α
160 3069 288 3079 ----.-

154 3116 199 3178 99)
215 3116 303 3181 Neque
320 3119 386 3167 enim
407 3119 432 3166 in
452 3133 555 3166 censura
568 3121 672 3168 veniunt
689 3121 885 3186 magistratuum
906 3137 986 3172 sacer·

86 3185 221 3248 datumque
240 3188 428 3245 commentarii,
449 3195 476 3235 ut
495 3187 623 3250 Arcparam
643 3190 702 3238 litri
718 3190 785 3253 apud
801 3189 943 3239 Varronem
957 3190 985 3238 de

86 3253 102 3302 l.
121 3253 137 3301 l.
159 3255 189 3311 5,
213 3257 259 3312 21;
284 3256 406 3303 Varronis
428 3270 486 3303 vero
503 3257 630 3319 Azrparnin
652 3258 711 3306 libri
726 3258 785 3322 (vel
804 3258 868 3307 liber
885 3257 985 3324 potins)

86 3322 153 3383 apud
169 3322 321 3372 Macrobinm
338 3322 437 3372 Saturn.
453 3325 480 3378 l,
498 3324 543 3383 16,
562 3324 601 3385 19,
620 3324 784 3389 Triticumque
800 3326 866 3376 tiber
884 3328 985 3394 abipso

86 3390 117 3436 de
142 3389 159 3441 1.
182 3389 204 3439 l.
227 3392 257 3450 5,
282 3392 315 3441 56
339 3392 479 3456 appellatus
501 3393 593 3440 Rerum
611 3394 753 3442 divinarum
770 3393 986 3460 humanarumque

85 3467 170 3516 partes
189 3456 299 3509 inerunt.
