2286 3944
15 234 24 277 ἶ
82 238 113 287 0·
128 235 277 286 auduom
291 234 419 294 omno.
436 233 485 280 DE
497 233 581 279 vina
595 230 783 279 GAESARUM
795 233 866 279 LIB.
880 233 927 279 VI.

8 392 52 452 nis
67 399 137 471 post
155 409 274 451 caenam
292 389 405 450 canenti
422 389 451 447 in
464 386 579 447 multam
595 393 710 445 noctem
732 386 881 463 assidens,
903 404 969 465 pau·

23 503 35 527 n
56 483 87 536 et
101 476 166 554 ipse
180 474 312 534 meditari
332 472 523 550 exercerique
539 471 648 549 coepit,
661 487 757 548 neque
774 487 876 530 eorum
892 472 968 549 quic·

1 576 50 618 iam
71 561 224 634 omittere,
247 576 321 637 quae
345 558 463 634 generis
474 556 536 614 eius
548 554 677 614 artifices
687 554 736 613 vel
749 554 969 614 conservandae

1 644 49 702 cis
67 660 155 704 causa
172 641 221 702 vel
236 641 387 718 augendae
402 641 578 707 factitarent;
599 637 651 697 sed
666 645 695 697 et
709 637 876 715 plumbeam
889 638 968 698 char·

2 756 13 779 ιι
41 728 168 806 supinus
186 734 308 804 pectore
330 725 487 799 sustinere,
509 731 538 781 et
560 721 688 796 clystere
709 722 880 800 vomituque
904 735 986 801 pur-s

5 811 48 889 ri,
72 819 102 871 et
116 809 262 871 abstinere
279 810 371 887 pomis
388 807 519 885 cibisque
541 805 752 875 officientibus;
774 806 869 866 donec
891 806 967 866 blan-

6 905 66 956 nte
82 894 216 974 proiectu
233 894 419 971 (quamquam
435 893 559 968 exiguae
574 889 657 948 vocis
669 898 699 949 et
712 889 832 968 fuscae)
852 890 967 969 prodire

12 996 131 1040 scenam
148 977 304 1054 concupiit,
326 974 447 1034 subinde
467 975 544 1033 inter
562 973 718 1034 familiares
734 973 880 1034 Graecum
904 990 966 1054 pro·

8 1062 102 1123 rbium
115 1064 235 1133 iactans,
251 1060 391 1120 occultae
407 1058 545 1118 musicae
561 1057 678 1118 nullam
692 1075 762 1117 esse
784 1065 965 1138 respectam.

22 1147 120 1227 prodit
133 1142 257 1223 Neapoli
273 1145 407 1221 primum,
429 1159 465 1200 ac
485 1160 522 1201 ne
543 1158 687 1201 concusso
710 1141 827 1220 quidem
846 1150 987 1222 repented

6 1240 49 1291 itu
63 1240 159 1291 terrae
173 1227 285 1288 theatro
299 1235 364 1287 ante
381 1235 498 1286 cantare
514 1225 629 1303 destitit,
644 1245 727 1304 quam
743 1226 908 1286 inchoatum
923 1225 966 1285 ab·

7 1314 103 1374 lueret
123 1327 235 1372 nomon.
273 1309 383 1370 Ibidem
402 1311 519 1388 saepius
542 1318 571 1368 et
592 1327 647 1388 per
661 1310 830 1387 complures
846 1310 967 1371 cantavit

1 1416 50 1466 es;
66 1404 179 1473 sumpto
195 1394 331 1453 etiamad
350 1393 535 1454 reficiendam
549 1411 652 1454 vocem
664 1394 746 1453 brevi
758 1404 906 1472 tempore,
922 1396 966 1453 im·

9 1480 82 1538 tiens
103 1479 210 1537 secreti
232 1496 248 1537 a
269 1477 390 1539 balineis
408 1480 436 1536 in
453 1477 594 1538 theatrum
618 1479 744 1554 transiit,
766 1478 923 1556 mediaque
943 1480 967 1536 in

7 1561 122 1622 chestra
135 1561 288 1640 frequente
305 1562 415 1641 populo
431 1561 574 1640 epulatus,
591 1561 621 1622 si
628 1563 759 1640 paulam
770 1561 987 1638 montaneam

4 1644 92 1725 iqas'd
116 1662 151 1705 se
172 1643 293 1726 sufferte·
313 1647 489 1706 tinniturum
518 1645 631 1706 Graeco
662 1665 798 1707 sermone
828 1648 965 1725 promisit.

3 1737 80 1808 ptus
104 1739 197 1790 autem
220 1730 372 1789 modulatis
393 1729 654 1790 Alexandrinorum
674 1730 900 1808 laudationibus,
924 1730 967 1810 qui

0 1841 6 1864 =‚
30 1830 108 1873 novo
131 1823 289 1873 commeatu
306 1813 459 1892 Neapolim
482 1814 695 1891 confluxerant,
720 1815 821 1893 plures
841 1816 966 1876 Alexan

1 1897 35 1958 fa
49 1898 191 1958 evocavit.
240 1896 343 1975 Neque
365 1915 401 1956 eo
425 1899 543 1975 segnius
568 1898 802 1958 adulescentulos
825 1900 966 1978 equestris

1 1983 80 2041 ¹inis
96 1989 125 2039 et
140 1983 266 2059 quinque
282 1981 403 2060 amplius
419 1981 496 2041 milia
508 2000 525 2040 e
537 1982 624 2061 plebe
639 1982 860 2043 robustissimae
872 1986 965 2043 iuven

1 2066 38 2125 tis
52 2063 176 2142 undique
193 2065 292 2142 elegit,
309 2067 356 2143 qui
373 2065 455 2124 divisi
472 2066 499 2124 in
514 2065 673 2144 factiones,
691 2067 843 2145 plausuum
858 2083 966 2144 genera

0 2147 176 2208 ndiscerent
196 2148 335 2228 (bombos
356 2159 385 2209 et
403 2149 537 2209 imbrices
558 2159 587 2210 et
608 2158 699 2211 testas
718 2149 881 2229 vocabant)
900 2169 966 2231 ope

5 2250 90 2311 mque
108 2241 248 2291 navarent
266 2235 389 2293 cantanti
405 2234 469 2310 sibi,
487 2234 617 2310 insignes
633 2235 820 2312 pinguissima
843 2254 928 2296 coma
943 2208 987 2295 et¹

0 2315 219 2376 callentissimo
236 2317 335 2376 cultu*
358 2319 455 2396 pueris
472 2336 508 2376 ac
522 2319 585 2377 sine
606 2318 691 2378 anulo
712 2319 827 2396 laeviis,
849 2302 987 2398 quorunl

0 2416 62 2458 ces
79 2398 275 2478 quadringena
290 2401 366 2461 milia
382 2402 516 2461 sestertia
529 2401 688 2462 merebant.
972 2368 987 2495 l

36 2480 108 2542 (ium
122 2484 217 2560 magni
233 2487 395 2544 aestimaret
411 2494 527 2545 cantare
548 2487 633 2546 etiam
652 2487 777 2564 Romae,
800 2485 969 2549 Neroneum

12 2583 69 2627 ona
96 2575 162 2626 ante
195 2570 392 2644 praestitutam
418 2569 492 2629 diem
521 2571 687 2646 revocavit,
715 2548 987 2652 flagitantibusque*

0 2651 85 2711 notis
100 2649 257 2710 caelestem
275 2669 377 2711 vocem
391 2652 542 2731 respondit
557 2653 671 2731 quidem
689 2654 723 2714 in
739 2654 839 2715 bortis
863 2675 899 2716 se
924 2675 987 2749 cop

1 2753 50 2796 tam
63 2733 227 2795 volentibus
241 2735 397 2813 facturum,
415 2737 467 2796 sed
482 2737 634 2798 adiuvante
654 2738 734 2816 vulgi
755 2756 861 2817 preces
884 2743 969 2802 etiam

1 2819 97 2881 atione
112 2817 240 2897 militum,
257 2837 331 2898 quae
345 2829 413 2880 tunc
425 2820 597 2899 excubabat,
614 2829 923 2901 repraesentaturam
940 2798 987 2913 sel¹

3 2903 121 2964 illicitus
137 2912 182 2963 est
197 2903 305 2974 libens:
327 2921 362 2963 ac
378 2905 440 2964 sine
457 2923 538 2965 mora
551 2923 655 2966 nornen
671 2908 793 2966 sumnia
810 2907 879 2967 albo
904 2927 969 2987 pro

8 2989 112 3049 entium
127 2987 357 3048 citharoedorum
372 2991 454 3049 iussit
469 2989 590 3068 ascribi,
607 2991 802 3070 sorticulaque
818 2992 848 3050 in
870 3010 969 3053 urnam
985 2982 987 2997 '

2 3100 5 3127 t
21 3102 33 3128 a
56 3073 161 3134 ceteris
173 3071 306 3151 demissa,
320 3075 436 3133 intravit
445 3074 544 3134 ordine
557 3092 618 3152 suo,
635 3075 716 3134 simul
728 3076 871 3154 praefecti
885 3095 968 3154 prae
984 3130 987 3175 Ι

0 3158 45 3220 rii
58 3156 194 3219 citharam
210 3160 395 3235 sustinentes,
411 3167 479 3237 post
493 3158 597 3218 tribuni
611 3159 739 3235 militum,
751 3160 887 3237 iuxtaque
901 3162 968 3220 ami·

3 3261 77 3306 rum
91 3241 187 3302 intimi.
218 3243 313 3321 thue
332 3245 469 3321 constitit,
485 3252 604 3323 peracto
621 3245 772 3322 principio,
788 3241 923 3303 Niobam
939 3220 987 3337 sal

3 3355 10 3382 ι
41 3333 173 3390 tatarum
188 3344 241 3405 per
258 3326 388 3388 Cluvium
401 3328 505 3389 Rufum
522 3327 701 3387 consularem
725 3329 921 3404 pronuntiavit
944 3338 970 3389 et

0 3459 1 3466 ,
27 3412 129 3473 boram
149 3410 212 3470 fere
233 3410 372 3472 decimam
396 3413 610 3490 perseveravit,
638 3427 831 3490 coronamque
854 3431 919 3472 eam
945 3420 971 3473 et
982 3470 987 3499 ¹

4 3498 121 3577 liquam
135 3496 295 3556 certaminis
311 3504 421 3572 partem
436 3497 463 3552 in
483 3513 584 3554 annum
602 3501 769 3568 sequentem
793 3495 919 3572 distulit,
942 3505 970 3555 ut
