2256 3930
86 260 97 333 ὲ
426 232 530 281 ornus
550 234 793 282 vusrssmuus.
1044 223 1105 286 235

110 398 163 463 que
182 386 349 466 praeberet,
366 388 557 464 interrogavit
573 389 681 467 quanti
697 390 874 464 soloecisset,
893 389 921 450 et
936 399 1038 469 paetus
1061 399 1106 448 est

110 462 179 528 lueri
196 480 317 547 partem.
351 471 589 550 Reprehendenti
611 473 671 531 filio
693 472 775 549 Tito,
801 472 877 551 qnod
899 475 984 533 etiam
1006 476 1104 532 urinae

111 553 236 629 vectigal
256 564 430 614 commentus
448 564 536 632 esset,
555 559 704 633 pecuniam
724 575 761 615 ex
785 559 875 633 prima
897 558 1038 635 pensione
1056 557 1103 616 ad·

137 639 196 696 ovit
213 636 249 696 ad
265 655 368 714 nares,
386 640 538 698 sciscitans
553 657 624 698 oum
639 638 736 700 odore
751 639 979 718 offendentem
1004 650 1032 699 et
1050 641 1102 700 illo

144 729 234 798 gente
250 719 364 799 Atquin
378 723 468 799 inquit
485 723 589 783 eletio
605 729 659 781 est.
687 722 848 782 Nuntiantis
860 724 985 800 legatos,
1002 723 1103 783 deone·

100 804 162 887 'tem
178 804 206 863 ei
217 804 335 884 publice
350 823 407 865 non
421 805 576 866 mediocris
588 824 713 865 summae
725 815 845 866 statuam
859 808 1032 882 colosseum,
1048 810 1103 866 ius·

105 977 211 1032 rotam
225 971 325 1032 busim
340 973 449 1032 dicens.
472 972 517 1032 Ao
527 992 563 1032 ne
576 974 604 1031 in
616 983 693 1032 metu
707 974 820 1052 quidem
833 993 868 1034 ao
881 974 1014 1053 periculo
1028 991 1103 1034 mor·

98 1053 140 1114 fs
174 1065 306 1116 extremo
339 1057 472 1116 abstinuit
502 1058 585 1116 ioeis.
622 1056 694 1116 Nam
719 1077 782 1116 oum
810 1061 884 1116 inter
911 1067 1009 1118 eetera
1036 1076 1102 1135 pro-

103 1134 184 1216 ''gia
198 1140 377 1200 Mausoleum
392 1140 551 1220 derepente
568 1143 709 1218 patuisset
723 1150 752 1200 et
763 1142 848 1201 stella
864 1143 965 1200 crinita
977 1143 1005 1199 in
1019 1141 1102 1202 eaelo

90 1226 307 1302 upparuisset‚
330 1224 449 1284 alterum
471 1225 507 1285 ad
526 1223 633 1283 laniem
654 1223 800 1284 Caluinam
823 1243 839 1284 e
865 1234 954 1302 gente
978 1224 1103 1302 Augusti

86 1307 256 1382 pertinere
270 1307 402 1384 dicebat,
424 1309 544 1368 alterum
567 1308 602 1367 ad
618 1308 786 1368 Parthorum
804 1327 905 1385 regem
921 1310 968 1386 qui
985 1309 1102 1387 capillu-

86 1392 146 1451 tus
165 1400 263 1456 esset:
281 1393 371 1470 prima
389 1410 504 1471 quoque
521 1391 614 1451 morbi
633 1394 804 1452 accessione
825 1391 888 1452 Vae
903 1393 1006 1471 inquit,
1024 1399 1101 1471 puto

86 1472 248 1552 deusfio.

94 1593 97 1596 -
159 1556 326 1618 >Consulatu
342 1578 394 1636 suo
421 1576 498 1618 nono
521 1569 675 1638 temptatus
696 1560 724 1617 in
741 1559 896 1638 Campania
917 1560 1126 1620 motiunculist

86 1637 220 1702 leuibus
235 1644 423 1721 protinusque
444 1643 515 1702 urbe
533 1645 672 1722 repetita,
695 1641 815 1702 Cutilias
836 1662 870 1702 ae
885 1645 1006 1704 Reatina
1024 1663 1100 1722 rura,

86 1725 150 1786 ubi
166 1728 312 1786 aestivare
324 1728 486 1805 quotannis
498 1726 621 1803 solebat,
635 1728 716 1805 petit.
733 1727 787 1786 llio
800 1745 863 1786 oum
876 1746 965 1806 super
976 1745 1100 1804 urguen-

86 1814 163 1870 tem
183 1809 367 1869 valitudinem
391 1809 566 1869 creberrimo
589 1810 712 1886 frigidae
735 1829 826 1889 aquae
850 1829 902 1869 usu
924 1812 1007 1870 etiam
1028 1813 1099 1870 inte-

86 1895 180 1953 stina
196 1895 337 1970 vitiasset,
357 1912 412 1953 neo
428 1912 464 1953 eo
479 1896 570 1953 minus
585 1895 750 1953 muneribus
765 1896 959 1973 imperatoriis
976 1913 1013 1952 ex
1031 1911 1099 1952 uon·

89 1975 257 2036 suetudine
269 1978 447 2054 iungeretur,
467 1987 495 2036 ut
507 1979 591 2037 etiam
603 1978 765 2054 legationes
777 1977 888 2037 audiret
901 1977 1017 2052 cubans,
1033 1976 1100 2036 alvo

87 2069 230 2138 repente
245 2061 387 2138 usquead
402 2061 597 2120 delectionem
613 2061 714 2138 solute,
731 2062 949 2139 imperatorem
964 2061 1001 2119 ait
1013 2066 1099 2120 ston-

95 2151 164 2205 uem
179 2143 261 2204 mori
275 2151 419 2222 oportere
424 2169 439 2214 ,·
460 2144 582 2222 dumque
598 2145 747 2220 consurgit
763 2163 797 2204 au
815 2145 926 2219 nititur,
951 2145 1026 2202 inter
1040 2161 1098 2203 ma·

99 2246 159 2288 nus
180 2227 390 2289 subleuantium
413 2230 556 2287 extinctus
578 2237 622 2287 est
640 2227 731 2288 Vllll.
747 2227 793 2287 lll.
809 2227 862 2286 lul.
888 2244 990 2287 annum
1009 2245 1100 2303 agens

102 2313 208 2372 aetatis
223 2313 454 2388 sexagensimum
469 2330 503 2371 ae
520 2329 640 2388 nonum,
658 2330 803 2390 superque
820 2330 948 2370 mensem
970 2329 1005 2370 ao
1025 2310 1099 2369 diem

86 2397 267 2474 2septimum.

86 2552 89 2557 Ι
170 2477 314 2539 Convenit
336 2481 410 2538 inter
432 2480 542 2554 omnis,
567 2487 622 2537 tam
642 2488 751 2538 eertum
771 2497 834 2538 eum
853 2479 888 2538 de
905 2497 955 2539 sua
970 2485 1124 2538 suorum-2

86 2571 162 2640 2que
181 2563 313 2640 genitura
329 2580 446 2640 semper
462 2563 569 2637 luisse,
592 2571 622 2620 ut
640 2572 707 2640 post
729 2563 858 2622 assiduas
873 2565 901 2622 in
918 2581 950 2622 se
969 2565 1099 2622 coniura-

86 2646 200 2721 J·tiones
213 2665 298 2706 ausus
313 2647 350 2704 sit
363 2645 514 2706 adfirmare
530 2648 650 2721 senatui,
669 2653 723 2706 out
733 2647 815 2724 filios
827 2646 889 2706 sibi
899 2661 1101 2707 successuros

86 2736 161 2789 :out
177 2731 335 2790 neminem.
373 2729 484 2789 Dioitur
505 2731 589 2789 etiam
610 2730 718 2789 vidisse
739 2731 881 2808 qnondam
901 2749 955 2808 per
976 2730 1101 2808 quietem

86 2814 240 2879 'astateram
254 2813 348 2874 media
363 2823 446 2893 parte
463 2812 597 2872 vestibuli
612 2813 758 2873 Palatinae
777 2814 878 2873 domus
894 2813 1017 2892 positam
1032 2829 1099 2870 exa-

86 2894 180 2956 fmine
195 2915 299 2976 aequo,
317 2915 380 2957 oum
395 2899 423 2956 in
439 2897 530 2957 altera
545 2897 629 2957 laune
645 2895 779 2957 Claudius
796 2908 825 2957 et
837 2897 916 2957 Nero
934 2903 1054 2968 starent,
1072 2893 1099 2950 in

86 3034 94 3055 ‚t
110 2979 196 3041 altera
212 2983 277 3060 ipse
292 2999 326 3041 ae
348 2981 407 3040 lilii.
441 2980 505 3040 Neo
531 2999 579 3040 res
599 2978 720 3057 fefellit,
743 2980 855 3059 quando
877 2978 996 3038 totidem
1019 2976 1099 3036 annis

86 3066 226 3144 {parique
240 3067 384 3143 temporis
400 3065 493 3144 spatio
510 3065 623 3142 utrique
640 3065 863 3143 imperaverunt.

86 886 142 1227 ξι
158 888 207 947 vel
225 891 361 949 continuo
381 907 509 967 ponere,
533 899 561 948 et
583 907 682 948 cavam
703 908 814 949 manum
830 900 977 950 ostentans
1002 900 1031 950 et
1044 908 1103 968 pu·

495 3327 715 3337 -.------—
