2256 3930
90 221 172 270 xcvt
428 216 636 265 PRAEFATIO.
1026 206 1034 463 ¹

91 382 177 436 baec:
197 378 366 451 Explicit
387 377 649 450 praescriptos
670 374 862 435 verberum
877 378 995 437 dille-

90 463 232 521 rentiac
264 479 306 517 ex
335 461 432 517 libro
463 460 632 518 Suetonii
658 460 919 532 tranquillini
940 463 996 537 qni

90 546 309 603 inscribitur
325 544 472 603 Pratum.
504 544 571 600 lnde
583 559 637 616 ege
650 545 788 616 integrum
801 544 997 605 titulumeost·

90 630 173 704 posui
192 648 220 704 p.
236 635 298 699 306,
316 637 359 690 35.

154 713 199 770 Ad
229 713 426 770 emendandum
455 713 580 768 libellum
608 712 786 768 vehementes
816 714 996 786 depravatum

92 799 267 855 contuleruut
290 797 416 854 nonnihil
438 798 509 853 duae
525 794 744 852 differentiarum
765 796 939 870 scriptiones
959 800 997 855 si·
1032 830 1034 877 p

90 882 237 952 millimae,
256 897 327 953 quoe
347 882 446 937 eodem
466 880 563 936 codice
584 879 830 952 uontspesmtsno
851 882 996 941 contineu-

90 973 145 1022 tur.
191 965 286 1021 illiers
314 964 454 1036 superiori
479 964 606 1036 proxime
628 963 802 1035 praecedens
823 963 864 1021 its
885 965 996 1041 insipit:

90 1049 183 1105 ‘luter
199 1048 333 1105 auxilium
348 1054 376 1102 et
398 1047 567 1120 praesidium
586 1053 615 1102 et
634 1045 806 1103 subsidium’
823 1045 863 1105 its
878 1048 995 1107 desinit:
1030 1058 1033 1071 ’

90 1133 183 1188 ‘luter
196 1133 315 1188 ultorem
334 1137 361 1186 et
374 1131 512 1187 vindicem
527 1131 581 1187 boc
596 1131 728 1200 interest,
745 1131 820 1203 quod
834 1131 996 1191 ulciscimur

89 1232 141 1273 nos
158 1221 273 1289 acceptu
290 1214 408 1285 iniuria,
429 1215 600 1271 vindicamus
617 1230 652 1269 ue
667 1213 864 1286 accipiamns'.
911 1216 996 1275 linio-

89 1301 226 1357 remeius
249 1298 412 1370 scriptionis
427 1304 534 1371 partem
555 1298 643 1355 edidit
660 1315 685 1355 n.
704 1303 771 1358 1605
785 1297 865 1355 Elias
879 1298 995 1357 Pntsclre

89 1385 117 1439 in
141 1382 331 1439 Grammaticis
361 1383 419 1438 suis
446 1399 473 1455 p.
494 1388 563 1442 2203
583 1398 644 1454 sqq.
689 1380 860 1439 Postremum
892 1391 996 1457 purten

90 1467 232 1539 supplevit
262 1483 297 1520 ex
325 1466 387 1537 ipso
417 1465 516 1521 codiee
538 1466 630 1522 editor
652 1465 774 1536 catalogi
805 1483 894 1539 supra
921 1468 994 1525 citati

91 1568 118 1623 p.
132 1556 184 1608 412
200 1567 243 1621 sq.
262 1556 289 1603 et
306 1567 340 1605 ex
356 1550 519 1622 apographo
530 1549 705 1606 Dorvilliano
716 1548 993 1609 Fordiuandusllanl

88 1634 116 1687 in
133 1639 337 1705 programmate
354 1633 465 1689 lenensi
481 1651 505 1689 e.
523 1639 599 1693 1848.
635 1631 759 1688 Alteram
773 1633 992 1693 differentium·
1022 1668 1034 1699 q

90 1719 232 1787 syllogcu,
245 1734 316 1789 quae
331 1718 369 1772 ita
385 1717 497 1788 incipit:
513 1717 609 1772 ‘luter
623 1715 753 1790 polliceri
768 1721 797 1774 et
811 1717 990 1792 promittere’
1024 1702 1032 1767 i

90 1808 117 1856 et
134 1800 237 1856 isidori
254 1800 429 1872 Hispalensis
445 1817 507 1856 esse
524 1801 628 1871 lentur,
651 1801 732 1873 primi
751 1801 903 1859 ediderunt
916 1804 993 1861 lnce·

88 1884 140 1939 bus
156 1884 191 1939 du
206 1885 289 1940 Breul
305 1900 365 1939 cum
379 1883 489 1940 lsidoro
504 1884 591 1940 Paris.
608 1888 675 1944 1601
692 1884 882 1956 etDienysius
892 1887 992 1944 Gotbe

89 1967 185 2023 fredus
203 1967 230 2022 in
256 1967 445 2024 Grammaticis
466 1968 524 2023 suis
551 1985 576 2023 a.
597 1973 681 2037 1602,
705 1968 785 2040 isque
801 1970 991 2041 bongarsiano

88 2051 187 2108 codiee
209 2069 285 2108 usus.
320 2051 396 2106 ilius
417 2051 507 2106 libelli
528 2067 582 2121 ego
606 2067 716 2123 quoquc
736 2052 869 2109 maiorem
890 2059 991 2126 purten

87 2134 181 2207 reperi
211 2136 239 2189 in
262 2134 360 2190 codice
384 2134 531 2190 basiliensi
555 2135 631 2190 Flll
648 2137 691 2193 lb·
708 2134 789 2191 Seec.
807 2135 884 2192 vlit.
923 2136 989 2194 ilon-
1025 2144 1030 2159 ¹

88 2219 160 2274 nulla
178 2217 317 2275 Arevalus
333 2219 457 2274 contulit.
1019 2164 1028 2285 i

148 2302 204 2357 lam
221 2302 245 2357 si
262 2301 324 2373 quis
339 2303 373 2356 de
391 2302 557 2357 anctoritate
579 2301 660 2362 buius
677 2300 768 2357 libelli
785 2309 920 2374 quaerat,
944 2304 992 2361 boc
1017 2306 1032 2447 1

86 2383 203 2455 primum
218 2399 329 2453 moneo,
348 2385 437 2455 qualis
456 2391 497 2440 est
514 2385 597 2440 talem
614 2401 705 2456 neque
720 2401 735 2441 a
752 2385 888 2442 Suetonio
905 2402 992 2460 neque

88 2469 121 2522 ab
139 2467 196 2521 ullo
221 2474 317 2522 vetere
344 2468 482 2539 scriptore
504 2468 686 2540 compositum
710 2484 773 2524 esse
796 2484 900 2540 posse:
921 2476 992 2526 tenta

89 2556 132 2604 est
156 2566 248 2604 rernm
270 2551 488 2622 perscriptarum
503 2551 661 2607 commixtio
679 2568 712 2608 ec
726 2551 912 2624 perturbatio.
950 2554 992 2609 l'i-

88 2634 161 2688 tulus
175 2632 348 2688 differentias
358 2633 467 2704 quidem
485 2651 640 2690 sermonum
656 2634 806 2706 pollicetur
822 2641 851 2690 et
868 2642 913 2691 est
929 2653 992 2694 snus
1029 2634 1032 2701 Ι

88 2716 175 2771 maior
194 2734 258 2788 pars
284 2716 343 2770 eius
361 2719 531 2787 argumenti,
553 2718 604 2773 sed
624 2718 837 2791 interponuntur
858 2721 993 2791 permulta
1028 2732 1032 2759 ²

88 2802 169 2872 plane
193 2801 297 2855 diversi
322 2801 452 2870 generis,
484 2803 517 2856 de
544 2801 778 2858 declinationibus
801 2802 944 2859 nominum
970 2809 993 2858 et
1027 2832 1029 2839 ·

88 2884 238 2939 verborum
253 2883 298 2939 vel
314 2884 349 2937 ad
365 2899 533 2939 communem
550 2884 681 2955 loquendi
698 2901 775 2940 usum
793 2885 839 2940 vel
856 2885 891 2942 nd
907 2886 992 2958 rungi-

87 2973 207 3023 strorum
222 2973 373 3039 praecepta
392 2966 557 3037 dirigendis,
574 2967 608 3022 de
628 2969 779 3037 generibus
794 2968 947 3041 nominum,
962 2971 992 3026 de
1025 2952 1028 2985 ¹

87 3051 244 3121 originibus
258 3050 466 3121 vocubulorum,
483 3052 517 3106 da
529 3056 605 3105 reete
620 3049 810 3121 intelligendis
822 3053 922 3109 verbis
936 3053 993 3126 qui·
1022 3052 1027 3075 ³

87 3135 203 3190 busdam
224 3134 397 3204 rarioribus,
421 3151 509 3205 caque
526 3141 580 3190 tam
596 3133 713 3190 disiecta
732 3141 760 3191 et
776 3136 856 3206 quesi
877 3137 991 3192 fortuite

88 3219 190 3290 passim
206 3235 313 3290 sparsa,
330 3224 386 3272 tum
402 3219 520 3289 repetita
535 3233 645 3289 quoque
661 3217 705 3275 bis
719 3225 796 3275 terve
812 3226 896 3292 atque
914 3221 992 3276 etiam

88 3303 271 3373 repugnantia
286 3302 358 3356 inter
375 3318 416 3370 se,
434 3308 462 3355 nt
481 3309 585 3357 certum
598 3302 733 3372 quoddam
745 3303 888 3359 scribendi
905 3319 991 3376 genus

90 3392 248 3455 certumque
274 3384 421 3456 scriptoris
447 3386 592 3440 consilium
611 3401 664 3439 uon
685 3402 844 3457 agnoscas,
871 3389 924 3444 sed
946 3387 992 3444 ed·

91 3468 214 3522 uersaria
241 3468 375 3538 quaedam
402 3469 571 3539 perlustrare
598 3467 649 3522 tibi
665 3469 780 3524 videere
803 3470 945 3542 privatum
967 3469 992 3527 in
1023 3530 1026 3567 t

1016 3637 1030 3667 f

1011 3680 1026 3894 l
