2256 3930
513 209 617 256 nuno.
1001 201 1061 259 177

55 371 177 444 praeter
192 363 337 441 legumina
353 373 400 422 aut
415 362 516 424 holera
532 364 659 441 veniret,
686 380 750 422 cnm
770 372 854 426 antea
876 365 983 425 nullum
1003 384 1061 426 non

57 447 174 508 obsonii
192 464 284 524 genus
300 455 529 526 proponeretur;
545 447 644 508 afflicti
660 447 811 526 suppliciis
828 447 992 527 Christiani,
1008 468 1060 527 ge-

55 551 113 592 nus
129 530 273 590 hominum
288 532 503 609 superstitionis
515 549 609 591 novae
625 531 833 602 acmalelicae;
851 535 931 593 vetiti
946 533 1059 612 quadri·

56 615 206 694 gariorum
220 613 310 691 lusus,
328 614 431 694 quibus
445 616 604 675 inveterata
619 615 736 675 licentia
761 618 869 695 passim
888 617 1059 695 vagantibus

27 699 164 759 ofallcre
180 698 317 759 colmari
338 717 391 776 per
415 699 512 758 iocum
533 700 577 759 ius
599 709 675 769 erat;
698 701 936 777 pantomimorum
955 702 1063 762 lactio·'

56 801 113 843 nes
129 801 192 842 eum
205 784 277 862 ipsis
296 781 380 841 simul
401 783 568 860 relegatae;
591 782 731 843 adversus
751 783 887 844 falsarios
908 794 977 845 tunc
999 787 1099 864 pri-17

56 885 135 926 mum
163 874 327 945 repertum,
348 874 395 926 ne‘
410 866 527 926 tabulae
554 868 608 926 nisi
637 876 775 945 pertusae
796 886 832 927 ao
854 877 900 928 ter
921 870 980 929 lino
1005 887 1059 948 per

56 952 201 1011 foramina
216 951 340 1011 traiecto
359 950 596 1029 obsignarentur;
618 960 734 1011 cautum
754 959 784 1010 ut
804 955 984 1014 testamentis
1002 955 1058 1031 pri·

56 1052 124 1096 mae
140 1034 213 1094 duae
232 1052 328 1111 cerae,
345 1043 515 1095 testatorum
530 1035 616 1094 modo
630 1036 744 1094 nomine
766 1037 925 1115 inscripto,
950 1048 1060 1097 vacuae

16 1137 48 1182 ao
58 1119 217 1198 signaturis
233 1117 464 1195 ostenderentur,
480 1137 515 1178 ac
530 1136 565 1177 ne
582 1120 630 1197 qui
646 1119 732 1178 alieni
749 1122 912 1180 testamenti
933 1123 1060 1199 scriptor

57 1203 187 1281 legatum
210 1201 266 1261 sibi
286 1201 460 1272 ascriberem
483 1204 550 1261 item
572 1211 603 1262 ut
627 1202 790 1280 litigatores
812 1221 866 1282 pro
891 1206 1061 1281 patrociniis

59 1295 170 1347 certam
189 1288 350 1364 iustamque
373 1286 554 1363 mercedem,
577 1303 630 1364 pro
652 1285 790 1347 subsedia
813 1287 919 1348 nullam
944 1289 1059 1348 omnino

60 1371 172 1446 darent,
190 1369 348 1448 praebente
364 1373 477 1430 aerario
491 1371 628 1448 gratuita;
646 1379 733 1448 utque
745 1389 841 1431 rerum
851 1380 918 1432 actu
930 1371 967 1433 ab
980 1390 1059 1432 aera·

59 1456 104 1515 rio
125 1472 230 1514 causae
252 1453 287 1513 ad
309 1453 403 1513 iorum
424 1472 459 1514 ac
480 1455 697 1532 reciperatores
717 1455 956 1534 transferrentur,
979 1465 1008 1515 et
1029 1464 1060 1516 ut

13 1551 50 1599 -ta
62 1555 163 1598 omnes
180 1537 394 1617 appellationes
410 1556 426 1598 a
443 1537 584 1598 iudicibus
599 1538 635 1597 ad
650 1547 780 1598 senatum
796 1539 909 1600 fierent.

124 1620 259 1698 Augendi
274 1621 513 1701 propagandique
529 1622 642 1700 imperii
656 1639 750 1700 neque
764 1623 914 1684 voluntate
931 1623 989 1688 ulla
1009 1642 1058 1685 ne·
1069 1634 1103 1688 18

10 1694 23 1782 ζ
61 1723 118 1784 que
135 1723 189 1783 spe
206 1714 300 1764 motus
316 1723 458 1783 umquam,
480 1707 564 1766 etiam
585 1724 623 1764 ex
641 1704 787 1767 Britannia
807 1706 952 1769 deducere
975 1726 1058 1768 exer·

10 1820 22 1864 t
62 1791 147 1850 citum
164 1790 313 1866 cogitavit,
330 1807 385 1848 neo
401 1790 455 1847 nisi
471 1788 665 1866 verecundia,
686 1806 724 1848 ne
746 1790 913 1851 obtrectare
931 1794 1059 1869 parentis

10 1894 28 1950 p
62 1873 176 1949 gloriae
191 1873 349 1948 videretur,
367 1873 484 1932 destitit.
528 1872 611 1932 Ponti
625 1873 712 1932 modo
732 1891 854 1950 regnum
879 1874 1059 1936 eoncedente

28 1956 232 2032 ttl'olemone,
255 1958 323 2016 item
341 1955 458 2035 Alpium
480 1956 617 2015 defuncto
637 1955 735 2016 Cottio
757 1957 786 2016 in
807 1959 978 2036 provinciae
1001 1958 1059 2017 lor·

10 2077 22 2117 5
60 2057 134 2102 mam
148 2039 273 2116 redegit.

10 2158 30 2217 p
124 2123 381 2199 Peregrinationes
396 2122 466 2182 duas
488 2124 603 2182 omnino
624 2124 764 2200 suscepit,
787 2121 1012 2183 Alexandrinam
1032 2132 1061 2183 et
1070 2137 1104 2191 19

10 2226 29 2280 a
60 2207 235 2275 Achaicam
266 2205 318 2266 sed
344 2205 540 2266 Alexandrina
568 2207 633 2283 ipso
654 2205 846 2284 profectionis
869 2206 915 2266 die
941 2207 1060 2284 destitit,

10 2322 28 2363 s
59 2290 193 2354 turbatus
213 2289 357 2367 religione
379 2288 462 2349 simul
484 2307 519 2348 ao
542 2289 685 2367 periculo.
728 2289 801 2350 Nam
823 2309 886 2350 cum
906 2291 1061 2350 circumitis

10 2373 179 2479 *templis
194 2375 223 2432 in
239 2373 312 2434 aede
327 2375 437 2434 Vestae
454 2373 624 2450 resedisset,
641 2376 826 2452 consurgenti
842 2376 870 2434 ei
884 2376 1004 2454 primurn
1019 2374 1059 2435 la·

10 2490 25 2528 a
62 2461 139 2520 cinia
153 2456 301 2535 obhaesit,
326 2457 430 2517 deinde
446 2466 522 2517 tanta
538 2456 642 2518 oborta
663 2457 759 2535 caligo
782 2467 842 2536 est,
862 2467 894 2519 ut
913 2457 1060 2538 dispicere

10 2555 21 2612 l
60 2560 121 2604 non
136 2550 245 2620 posset.
289 2540 321 2601 In
337 2541 448 2602 Achaia
462 2540 597 2600 isthmum
613 2541 771 2621 perfodere
786 2542 953 2621 adgressus,
976 2562 1059 2623 prae·

10 2636 16 2694 t
61 2626 192 2688 torianos
215 2643 269 2703 pro
292 2628 427 2685 contione
448 2624 485 2685 ad
505 2625 696 2686 inchoandum
719 2643 794 2705 opus
815 2627 983 2688 cohortatus
1007 2637 1060 2703 est,

10 2738 14 2776 ι
61 2709 289 2787 tubaquexsigno
307 2709 373 2769 dato
391 2711 498 2786 primus
515 2710 635 2770 rastello
646 2710 759 2770 humum
770 2711 870 2771 effodit
882 2721 910 2771 et
923 2711 1061 2770 corbulae

10 2798 50 2863 βυ
63 2800 234 2869 congestam
250 2795 356 2853 umeris
373 2793 484 2852 extulit.
528 2792 651 2854 Parabat
667 2803 696 2853 et
711 2794 747 2854 ad
763 2793 884 2873 Caspias
899 2804 1000 2874 portas
1011 2812 1060 2852 ex-

63 2877 255 2957 peditionem,
277 2877 443 2954 conscripta
469 2895 507 2935 ex
531 2876 639 2937 Italicis
661 2896 761 2938 senum
790 2877 894 2956 pedum
919 2876 1061 2937 tironibus

62 2978 140 3022 nova
161 2960 293 3036 legione,
317 2978 400 3038 ιῙιιιιιι
419 2959 517 3037 hlagni
537 2960 695 3021 Alexandri
717 2961 862 3039 phalanga
885 2959 1061 3040 appellabat.

10 3033 23 3066 ’
126 3043 208 3103 Haec
223 3045 325 3121 partim
340 3043 418 3102 nulla
433 3043 673 3122 reprehensione,
695 3046 799 3123 partim
820 3047 905 3104 etiam
925 3061 982 3103 non
1003 3062 1062 3104 me·

63 3129 157 3189 diocri
173 3127 255 3187 laude
273 3127 359 3205 digna
374 3129 401 3185 in
417 3145 501 3188 unum
517 3127 640 3203 contuli,
657 3136 687 3187 ut
702 3146 887 3187 secernerem
908 3146 924 3188 a
945 3127 1062 3206 probris

10 3216 54 3272 lo
67 3231 103 3274 ac
120 3210 281 3271 sceleribus
296 3212 368 3288 eius,
385 3210 421 3270 de
438 3209 540 3287 quibus
556 3210 660 3271 dehinc
676 3211 778 3271 dicam.

127 3295 207 3355 lnter
224 3304 340 3355 ceteras
366 3293 533 3372 disciplinas
556 3295 700 3372 pueritiae
727 3303 860 3373 tempore
883 3293 1005 3354 imbutus
1032 3303 1104 3359 etto

63 3381 184 3456 musica,
202 3381 296 3439 statim
312 3387 342 3438 ut
366 3378 515 3456 imperium
533 3377 654 3456 adeptus
675 3387 731 3456 est,
749 3378 895 3458 l'erpnum
916 3379 1057 3442 citharoe-

64 3463 142 3538 dum,
161 3465 308 3540 vigentem
327 3472 395 3523 tunc
415 3470 533 3542 praeter
552 3461 642 3539 alios,
660 3463 792 3524 arcessiit
813 3461 972 3543 diebusque
994 3481 1061 3524 oon·

109 3567 263 3606 economus.
831 3546 867 3606 12

16 3639 38 3681 c

22 3766 36 3891 t
