2256 3930
85 252 157 301 xctt
427 254 636 304 PRAEFATIO.

64 417 82 445 ⁵·
154 410 995 473 Adlocaablsidoroexl’ratosivelibrisl’ratorum

93 495 245 566 Tranquilli
268 502 400 568 excerpta
423 499 569 570 egregium
584 515 674 571 nuper
698 498 856 556 subsidium
880 501 995 556 accessit

93 579 220 637 sollertia
242 579 392 635 (instari
417 582 558 637 Becker
578 583 764 653 lubecensis,
786 582 832 638 cui
855 582 993 639 libellide

91 664 192 721 Natura
208 679 301 718 rerum
321 663 437 719 debetur
452 666 539 721 editio
562 682 616 722 non
637 667 719 723 modo
740 666 768 721 iu
786 665 887 722 verbis
907 682 995 723 emen-

92 748 184 804 datior
199 764 278 818 quam
293 746 461 804 Arevaliana
477 749 544 819 tuit,
571 749 665 805 sedin
683 748 902 806 auctoritatibus
918 750 996 807 etiem

91 831 260 900 colligendis
275 832 360 886 multo
375 831 546 902 diligentior.
591 833 617 888 ls
634 833 720 904 igitur
735 848 790 889 non
813 834 887 890 satis
904 834 995 891 babuit

92 917 127 972 ad
139 915 300 970 Suetonium
315 914 423 969 relerre
438 933 509 987 quae
523 917 649 973 isidorus
665 916 825 974 nominatim
843 917 914 974 inde
928 924 995 974 attu-

91 1001 139 1069 tit,
162 1000 213 1055 sed
235 1005 263 1053 et
278 1015 350 1068 quae
374 999 560 1069 proximaret
582 1001 787 1073 praecederent
800 1001 848 1057 rel
864 1001 991 1074 insequc
1025 1026 1035 1065 ι

91 1089 197 1151 rentur,
212 1088 242 1136 ut
257 1099 319 1154 cup.
330 1086 362 1141 37
379 1088 407 1136 et
421 1088 465 1152 38,
485 1083 550 1154 quin
566 1084 649 1140 etiam
661 1084 795 1140 nonnulla
811 1084 1006 1163 a'l'rauquilli·
1030 1068 1035 1101 ⁸

92 1166 201 1223 nomine
217 1167 301 1237 longe
321 1172 438 1235 remota,
453 1166 525 1222 sicut
541 1167 569 1222 in
590 1167 688 1239 primis
702 1184 754 1223 sex
773 1168 934 1239 capitibus,
956 1169 995 1224 ei-

92 1253 153 1306 dem
181 1251 288 1306 auctori
316 1250 462 1306 tribuenda
493 1266 556 1306 esse
585 1251 654 1307 satis
678 1250 867 1323 probabiliter
892 1252 993 1309 docuit.

91 1335 174 1390 Curius
191 1333 439 1404 argumentationis
454 1350 557 1390 summa
571 1336 642 1391 baec
656 1341 715 1404 est,
730 1341 761 1390 ut
778 1341 865 1407 caput
879 1341 925 1406 37,
941 1351 995 1407 quo

91 1419 165 1473 venti
183 1424 376 1472 enumerantur
396 1423 493 1487 quater
508 1418 598 1488 terni,
618 1424 705 1474 totum
724 1417 883 1490 eodemque
898 1419 992 1475 ordine

90 1501 218 1556 versibus
238 1495 399 1574 leoninisoe)
417 1500 488 1557 inira
504 1518 531 1572 p.
546 1508 607 1571 305,
622 1507 655 1561 27
671 1501 762 1558 citatis
777 1501 887 1558 includi
901 1502 994 1574 ibique

91 1585 251 1656 Tranquillo
273 1584 356 1639 tribui
381 1592 520 1651 moneret,
544 1592 600 1640 tum
621 1586 657 1641 dc
682 1585 771 1656 siguis
799 1591 991 1659 tempestato·

91 1686 151 1741 cap.
175 1677 209 1729 38
230 1668 365 1724 Varronis
394 1673 422 1722 et
443 1668 547 1738 Nigidii
577 1668 759 1725 auctoritates
790 1670 994 1726 reconditioris

91 1753 234 1808 doctrinae
252 1769 330 1822 quam
351 1767 402 1823 pro
423 1751 533 1808 lsidoro
555 1769 619 1808 osse
640 1753 856 1823 demonstraret,
873 1752 992 1824 deniquo

91 1839 125 1892 ad
141 1837 228 1907 prima
242 1835 341 1906 capita,
363 1851 433 1904 quae
450 1843 512 1891 sont
528 1837 563 1892 da
580 1836 680 1891 diebus
695 1841 724 1891 et
739 1834 885 1892 mansibus
904 1843 933 1892 et
946 1854 992 1892 au-

90 1921 144 1989 nis,
161 1920 215 1975 duo
232 1919 359 1974 Suetonii
375 1919 491 1975 irustula
510 1938 536 1990 p.
553 1927 621 1989 305,
635 1925 669 1979 36
684 1925 713 1974 et
729 1925 798 1989 306,
814 1925 849 1980 18
863 1920 991 1992 proxima

90 2004 226 2061 accedere
242 2003 365 2058 doceret.
410 2001 466 2057 Nos
482 2009 582 2071 tamen,
597 2009 627 2057 ut
642 2002 670 2057 in
685 2019 716 2057 re
731 2018 786 2058 non
803 2003 891 2075 plane
907 2010 992 2073 certa,

89 2089 160 2144 intra
188 2087 359 2144 manifestam
385 2086 549 2158 nomineque
575 2087 678 2142 linitam
703 2087 902 2143 auctoritatem
928 2103 991 2144 con

88 2173 240 2228 sistendum
257 2171 393 2226 duximus
1024 2134 1033 2293 ί

150 2256 250 2311 Collati
270 2255 304 2310 ad
331 2273 357 2326 p
384 2253 650 2324 304‚1tacodtces
670 2253 696 2310 X
717 2259 780 2309 sunt
803 2253 989 2325 antiquissimi
1021 2300 1029 2425 ι

91 2356 198 2408 omnes,
213 2337 385 2395 Basilienses
400 2344 469 2406 tres,
489 2333 686 2409 Bonnensesffl)
673 2334 845 2409 )quattuor,
860 2338 988 2394 Balaber-

88 2439 191 2493 gonses
204 2423 269 2489 duo,
284 2421 466 2475 Bruxellanus
481 2438 562 2490 unus,
578 2438 693 2491 quorum
708 2421 804 2476 titulos
819 2421 989 2517 scripturae-

89 2522 141 2575 que
158 2503 372 2574 disorepantiam
388 2505 529 2560 studiosus
548 2506 638 2560 lector
655 2505 727 2576 apud
739 2504 922 2560 beckerum
913 2520 987 2560 rnre-

155 2751 203 2816 89)
216 2752 283 2801 Addi
301 2752 381 2817 potuit
394 2752 442 2802 hoc
457 2768 566 2818 quoque,
584 2755 666 2804 videri
683 2754 721 2803 illi
737 2752 906 2803 versificatori
916 2767 987 2818 prse-

88 2830 125 2872 ter
139 2822 230 2872 librum
247 2821 279 2869 de
291 2821 387 2870 Natura
403 2838 488 2872 rerum
506 2824 538 2872 ad
555 2837 646 2873 manus
664 2822 744 2872 tuisse
761 2836 863 2872 carmen
879 2821 911 2871 de
923 2821 988 2870 Ven-

88 2892 119 2942 tis
150 2889 213 2956 (eir.
242 2889 327 2954 Meyer
351 2889 454 2943 Anthol.
476 2905 517 2941 no.
543 2891 618 2943 1056.
651 2889 809 2941 Wernsdori
829 2892 844 2942 5
869 2906 896 2956 p.
918 2887 988 2951 523)

89 2961 157 3025 quod
173 2959 297 3009 Arevalus
317 2960 348 3008 ab
360 2959 475 3024 Eugenio
489 2959 623 3020 Toletano,
642 2960 685 3024 qni
702 2975 725 3008 a.
744 2958 795 3010 657
812 2966 987 3018 mundasset,
1025 3010 1033 3032 t

88 3030 257 3095 conscriptum
276 3029 411 3089 existimat,
428 3029 619 3079 Wernsdoriius
637 3029 676 3078 vel
690 3028 786 3078 isidoro
805 3028 935 3090 antiquius
952 3027 988 3076 iu·
1029 3038 1032 3047 ’

89 3101 163 3151 dicat.
201 3099 234 3147 At
251 3099 294 3147 ille
308 3098 425 3147 carminis
444 3098 551 3162 scriptor
562 3098 681 3146 Suetonio
699 3096 767 3146 hand
783 3096 932 3145 dubieusns
944 3101 987 3147 est.

89 3185 146 3219 oum
163 3169 211 3218 tria
229 3175 361 3217 ventorum
376 3168 479 3215 nomina
498 3165 593 3215 Graeca
612 3166 681 3215 solus
700 3166 884 3224 subministret,
902 3164 933 3212 ob
945 3162 987 3212 Isi·

90 3239 150 3287 doro
169 3247 193 3286 et
209 3237 349 3285 recentiore
363 3236 534 3285 versificatore
554 3235 657 3294 omissa,
678 3249 693 3282 a
709 3233 855 3296 Tranquillo
874 3245 988 3281 necessa·

90 3308 127 3356 rio
147 3308 237 3370 posita.
273 3305 335 3355 Cum
350 3303 469 3354 Suetonio
489 3303 549 3352 facit
563 3310 696 3352 ventorum
712 3311 767 3351 rota
785 3303 811 3350 in
830 3315 921 3351 museo
934 3299 989 3348 Pio-

90 3376 246 3426 Clementino
266 3388 414 3423 marmorea.

159 3441 205 3502 00)
238 3443 306 3502 Quos
333 3450 419 3491 nostra
451 3441 534 3506 gratia
564 3440 674 3504 inspexit
700 3442 838 3489 loannes
868 3434 977 3484 Ziinde

91 3510 169 3559 nc.
1026 3454 1035 3579 Ι,

1028 3620 1035 3889 i
