2286 3944
370 203 475 251 mnas
491 202 680 251 nnuasuns.
988 190 1028 252 69

21 378 83 420 non
101 357 231 436 libidine,
254 357 305 417 sed
320 358 431 417 ratione
450 359 617 434 commissa,
643 373 699 434 quo
715 355 827 416 facilius
844 356 966 416 consilia
981 356 1028 417 ad·

22 443 282 521 versariorumper
296 441 576 519 cuiusquemulieres
592 441 768 517 exquireret.
784 440 1025 500 bldntoniussn·

24 545 81 606 per
96 526 246 586 festinatas
258 524 356 584 Liviae
373 526 486 602 nuptias
503 523 611 583 obiecit
630 532 660 582 et
672 522 820 601 feminam
833 523 1028 586 consularem

24 629 42 670 e
63 609 196 670 triclinio
217 608 286 669 oiro
304 626 410 669 coram
427 608 459 667 in
478 606 649 667 cubiculum
666 607 848 685 abductum,
871 625 983 669 rursus
997 609 1029 669 in

10 691 200 755 ‚conoioium
219 690 399 752 rubentibus
421 689 571 751 auriculis
588 691 790 767 incomptiore
804 692 917 770 capillo
936 692 1028 752 redu·

25 783 130 848 ctam,·
153 776 312 836 dimissam
328 774 542 850 Scriboniam,
564 773 639 853 quia
666 773 792 833 liberius
814 776 963 836 doluisset
981 795 1027 838 ns·

23 861 121 920 miam
132 859 300 937 potentiam
313 859 443 935 pelicis,·
458 857 647 918 conditiones
662 857 820 936 quaesitas
828 877 888 936 per
901 859 1027 937 amicos,

25 944 82 1024 qui
101 949 217 1003 matres
235 942 376 1020 familias
391 949 420 1002 et
434 941 559 1001 adultas
574 946 675 1002 aetate
689 941 824 1020 oirpines
839 942 1032 1003 denudarent

26 1033 121 1106 atque
131 1027 353 1104 perspicerent,
373 1031 528 1104 tamquam
541 1024 694 1084 Tboranio
707 1042 859 1104 monpone
871 1026 1028 1086 uendente.

10 1110 137 1171 tScribit
152 1112 236 1170 etiam
252 1110 286 1170 ad
302 1113 394 1187 ipsum
409 1109 492 1186 haec,
509 1108 688 1168 familiariter
704 1107 796 1168 adbuc
809 1109 930 1168 necdum
944 1110 1030 1188 plane

25 1195 157 1253 inimicus
178 1202 225 1253 aut
248 1194 356 1254 hostis:
378 1191 503 1265 Quirite
522 1193 664 1266 mutauit,
688 1191 772 1270 quod
786 1193 923 1272 rapinam
938 1194 1030 1254 ineo?

25 1296 112 1338 uuor
131 1294 201 1336 mea
221 1285 274 1338 est.
303 1275 393 1336 Nunc
408 1276 511 1353 coepi,
535 1294 575 1336 an
592 1274 704 1335 obbinc
720 1292 819 1337 annos
832 1280 963 1337 nocem?
987 1275 1031 1337 Tu

27 1361 140 1421 deindo
163 1362 263 1421 solam
281 1360 455 1420 Drusillam
480 1359 564 1419 inis?
590 1360 636 1419 ila
654 1358 778 1434 coleos,
806 1361 853 1420 uti
874 1367 921 1437 tu,
950 1361 1031 1421 bano

27 1445 193 1524 epistolam
206 1464 273 1505 cum
285 1445 375 1522 lepos,
392 1463 454 1504 non
469 1443 576 1502 inieris
591 1443 755 1503 Tertullam
771 1450 825 1504 aut
835 1443 1031 1505 Terentillam

10 1535 86 1590 aut
96 1529 242 1606 Rufillam
253 1527 456 1588 autSalciam
468 1525 643 1587 Titiseniam
658 1525 712 1587 aut
726 1546 838 1588 omnes.
862 1526 1028 1607 Auresert,

25 1612 84 1673 ubi
98 1619 127 1672 et
139 1614 170 1672 in
185 1630 246 1691 pua
262 1612 411 1690 arripas?

94 1694 189 1756 (laena
211 1714 325 1774 quoque
349 1697 410 1754 eius
432 1695 574 1754 secretior
592 1696 619 1752 in
637 1694 742 1755 fabulis
757 1695 824 1771 luit,
849 1713 921 1773 qnae
939 1697 1028 1774 vulgo
1037 1707 1072 1763 70

26 1772 242 1850 oooauioeog
263 1778 435 1848 vocabatur3
465 1778 493 1836 in
516 1796 570 1855 qua
595 1777 713 1838 deorum
735 1777 909 1858 dearumque
932 1779 1030 1840 habitu

26 1861 210 1922 discubuisse
232 1863 369 1922 convivas
396 1870 424 1921 et
450 1863 542 1939 ipsum
567 1880 619 1940 pro
640 1861 778 1941 Apolline
801 1870 945 1941 ornatum,
972 1881 1030 1922 non

10 1975 15 2010 i
28 1945 138 2005 Antoni
153 1947 238 2006 modo
257 1946 399 2025 epistolae
413 1944 589 2021 singulorum
600 1947 713 2006 nomina
725 1947 901 2005 amarissime
915 1965 1028 2006 enume-

26 2031 120 2089 rantis
136 2030 327 2109 exprobrant,
346 2029 398 2088 sed
416 2039 445 2088 et
460 2030 521 2086 sine
538 2038 656 2088 auctore
672 2029 811 2088 notissimi
827 2047 944 2088 versus:

146 2119 211 2175 Cum
221 2120 347 2189 primum
362 2120 475 2172 ntorum
490 2117 624 2171 conduxit
636 2131 730 2171 mensa
747 2117 911 2188 edorupum,

184 2202 297 2273 Sexque
312 2202 377 2256 deos
391 2202 456 2256 uidit
468 2199 567 2254 Mallia
580 2215 685 2271 seuque
699 2201 781 2261 (ἔατε,-

143 2283 234 2356 Impia
250 2285 313 2340 dum
327 2284 432 2340 Phoebi
446 2284 549 2340 Caesar
563 2284 705 2338 mendacio
719 2283 801 2347 ludit,

193 2369 266 2424 Dum
280 2385 351 2424 noua
366 2369 489 2422 diuorum
504 2374 604 2422 coenat
617 2368 768 2422 adulterio.-

145 2451 240 2508 Omm‘a
252 2466 283 2506 se
298 2469 316 2506 o
331 2453 413 2506 terris
427 2456 493 2506 tune
506 2453 619 2506 numina
634 2452 819 2521 declinarunt,

194 2535 276 2607 Fupil
290 2542 316 2591 el
330 2540 443 2591 auratos
460 2533 587 2605 luppiter
601 2537 661 2605 ipse
675 2536 796 2592 tironos.

26 2616 118 2677 Auxit
147 2633 253 2674 caenae
276 2632 420 2674 rumorem
447 2632 553 2674 summa
574 2623 641 2673 tunc
661 2616 689 2673 in
711 2616 827 2676 civitate
849 2618 968 2694 penuria
993 2635 1028 2678 ac

26 2700 136 2774 iames,
149 2698 399 2777 adclamatumque
415 2706 460 2756 est
475 2697 625 2776 postridie,
652 2717 738 2760 omne
752 2699 937 2778 frumentum
951 2700 1028 2765 ¹deos

10 2813 14 2846 t
26 2782 198 2844 comedisse
219 2789 248 2842 et
262 2779 430 2842 Caesarem
445 2799 512 2841 esse
524 2782 618 2859 plane
632 2780 820 2860 Apollinem,
844 2783 901 2842 sed
919 2781 1026 2844 Torto-

25 2885 111 2926 rem:
135 2883 191 2944 qno
215 2869 387 2943 cognomine
403 2867 427 2924 is
445 2864 515 2924 deus
538 2866 658 2944 quadam
673 2869 701 2925 in
718 2877 801 2945 parte
816 2867 894 2926 urbis
911 2866 1026 2926 coleba-

26 2961 83 3010 tur.
111 2949 233 3009 Notatus
249 2958 294 3008 est
309 2959 338 3008 et
351 2959 381 3008 ut
395 2952 542 3028 pretiosae
555 2949 746 3028 supellectilis
758 2949 1026 3029 Corinthiorumque

27 3034 232 3114 praecupidus,
250 3042 279 3092 et
296 3033 377 3093 aleae
392 3032 554 3109 indulgens.
584 3033 656 3092 Nam
672 3044 700 3092 et
716 3035 939 3112 proscriptionis
956 3043 1025 3093 tem-

26 3135 101 3198 pore
116 3118 150 3177 ad
165 3125 284 3176 statuam
300 3119 361 3176 eius
380 3119 535 3195 ascriptum
550 3126 611 3176 est:

10 3216 12 3223 ’
239 3205 325 3261 Pater
340 3207 528 3277 serpentarius,
543 3219 590 3275 epo
607 3205 818 3275 Corinthiarius,

28 3304 92 3344 cum
107 3285 319 3346 existimaretur
334 3284 472 3364 quosdam
488 3292 609 3362 propter
623 3303 692 3344 vasa
708 3282 854 3344 Corinthia
869 3285 943 3344 inter
958 3301 1024 3364 pro·

27 3373 155 3448 scriptos
179 3385 296 3431 curasse
317 3367 489 3428 referendos
497 3389 504 3437 ;
527 3375 556 3426 et
576 3367 678 3426 deinde
699 3367 779 3428 bello
796 3368 940 3428 Siciliensi
964 3369 1024 3448 epi·

26 3471 154 3530 gramma
169 3452 314 3532 uulgatum
330 3462 390 3513 est:
