2286 3944
128 188 189 249 154
232 197 429 246 c.surcrou1
447 197 575 258 renuo.
592 197 640 244 uu
655 196 739 245 vrrs
753 196 940 248 cassanum
954 201 1025 251 cre.
1042 202 1074 250 v.

125 352 226 415 aedem
241 352 418 413 adoreretur.
464 349 711 430 conspiraverunt
725 360 819 413 autem
834 351 870 413 ad
885 371 934 413 res
950 370 1043 414 novas
1058 354 1117 416 Gal-

124 437 170 497 lus
185 436 302 496 Asinius
320 445 349 494 et
363 435 491 495 Statilius
508 433 667 511 corvinus,
686 434 825 496 Pollionis
845 454 881 496 ac
895 437 1042 499 Messalae
1060 457 1117 499 ora-

124 529 217 580 torum
238 528 379 597 nepotes,
401 521 554 597 assumptis
577 519 772 597 compluribus
793 518 905 579 libertis
924 522 1018 599 ipsius
1039 531 1118 601 atque

125 607 228 663 serris.
270 602 382 662 Bellum
403 602 490 662 civile
511 604 601 661 movit
621 601 722 662 Furius
745 600 882 662 Camillus
904 604 1117 681 Scribonianus,

123 687 283 747 Delmatiae
299 686 427 764 legatum
442 704 542 746 verum
557 687 629 746 intra
645 687 772 763 quintum
788 686 863 746 diem
886 704 1051 766 oppressus
1068 697 1134 764 cst,t

123 769 306 848 legionibus,
328 787 402 849 quae
422 778 629 831 sacramentum
651 778 845 846 mutaverunt,
867 771 896 829 in
920 772 1117 849 paenitentiam

123 855 269 931 religione
286 854 453 931 conversis,
467 860 628 932 postquam,
648 852 812 912 denuntiato
825 853 861 912 ad
878 872 986 915 novum
1001 857 1116 934 impera·

124 947 218 999 torem
235 939 349 1013 itinere,
367 956 434 997 casu
450 935 573 1014 quodam
588 955 623 996 ac
637 935 770 995 divinitus
784 954 880 1014 neque
896 938 1011 1016 aquilae
1027 938 1117 997 ornari

124 1040 219 1101 neque
235 1022 318 1098 signa
333 1019 458 1080 convelli
473 1022 642 1097 moverique
657 1029 821 1097 potuerunt.

82 1113 118 1170 14
186 1103 358 1165 Consulatus
370 1121 457 1181 super
469 1103 617 1181 pristinum
632 1112 764 1181 quattuor
777 1103 882 1179 gessit;
897 1122 936 1162 ex
949 1103 1054 1182 quibus
1066 1104 1138 1165 duoo

123 1190 233 1268 primos
247 1189 377 1262 iunctim,
405 1187 553 1264 sequentis
574 1204 627 1265 per
642 1186 837 1263 intervallum,
859 1196 962 1264 quarto
979 1205 1115 1266 quemquo

122 1289 214 1348 anno,
240 1279 426 1331 semenstrem
444 1269 646 1345 novissimum,
670 1269 836 1330 bimenstris
853 1279 985 1348 ceteros,
1007 1273 1114 1330 tertium

121 1364 230 1429 autem,
256 1370 333 1412 novo
357 1354 434 1411 circa
457 1353 618 1431 principem
639 1354 792 1432 exemplo,
821 1355 850 1412 in
869 1353 966 1412 locum
981 1354 1114 1413 demortui

121 1437 269 1498 suffectus.
288 1434 336 1494 lus
351 1443 380 1494 et
392 1435 493 1495 consul
509 1445 539 1495 et
551 1445 632 1496 extra
643 1437 784 1497 bonorem
795 1436 1024 1497 laboriosissime
1041 1437 1113 1511 dixit,

121 1523 206 1581 ctiam
220 1522 280 1579 suis
294 1537 468 1597 suorumque
485 1519 586 1578 diebus
599 1520 801 1597 sollemnibus,
816 1537 1027 1598 nonnumquam
1038 1522 1134 1581 iestisu

121 1620 236 1684 qnoque
251 1603 405 1681 antiquitus
417 1611 446 1661 et
456 1603 613 1680 religiosis.
627 1603 691 1662 Nec
703 1621 819 1682 semper
829 1607 1011 1683 praescripta
1024 1605 1113 1681 legun

120 1696 254 1762 secutus,
284 1685 413 1746 duritiam
433 1685 618 1746 lenitatemue
636 1686 786 1746 multarum
808 1705 846 1746 ex
865 1686 941 1746 bono
964 1697 994 1747 et
1013 1706 1111 1766 aequo,

120 1770 243 1849 perinde
262 1779 293 1829 nt
313 1769 501 1846 adficeretur,
524 1770 690 1830 moderatus
704 1779 764 1841 est;
785 1787 849 1830 nam
864 1779 893 1829 ct
906 1770 957 1848 iis,
982 1773 1029 1850 qui
1046 1768 1112 1849 apud

120 1855 252 1933 privatos
269 1853 378 1912 indices
396 1853 461 1931 plus
481 1854 607 1931 petendo
628 1854 750 1914 formula
775 1853 969 1931 excidissent,
995 1855 1112 1914 restituit

121 1939 267 2014 actiones,
289 1946 318 1996 et
336 1939 365 1996 in
379 1938 489 1996 maiore
506 1937 605 1997 iraude
630 1939 795 2013 convictos,
816 1937 970 2013 legitimam
994 1955 1129 2015 poenam

77 2029 111 2085 15
120 2039 331 2101 supergressus
347 2020 382 2081 ad
397 2019 505 2080 bestias
522 2021 729 2081 condemnavit.
750 2020 782 2080 ln
798 2021 1006 2096 cognoscendo
1025 2031 1112 2081 auten

119 2125 153 2166 ac
171 2104 357 2166 decernendo
371 2105 442 2164 mira
457 2105 595 2164 varietate
607 2105 690 2165 animi
705 2104 772 2180 luit,
791 2103 877 2163 modo
891 2105 1112 2182 circumspectus

119 2199 148 2249 et
169 2207 278 2265 sagax,
300 2188 440 2249 interdum
460 2188 639 2248 inconsultus
664 2206 698 2248 ao
720 2205 880 2267 praeceps,
907 2204 1112 2266 nonnumquam

119 2273 241 2333 frivolus
259 2275 420 2350 amentique
435 2272 544 2331 similis.
574 2270 644 2332 Cum
660 2271 792 2331 decurias
806 2288 902 2330 rerum
926 2279 993 2331 actu
1008 2289 1111 2350 expun-

117 2365 218 2434 geret,
238 2374 316 2432 eum,
331 2358 377 2433 qui
399 2355 572 2415 dissimulata
586 2357 738 2415 vacatione
754 2373 837 2434 qnam
852 2353 997 2414 beneficio
1009 2354 1135 2414 libero-²⁵

117 2456 178 2496 rum
193 2437 320 2498 babebat
332 2437 539 2516 responderat,
554 2448 584 2498 ut
596 2439 728 2516 cupidum
740 2437 881 2498 iudicandi
896 2437 1016 2507 dimisit;
1034 2438 1113 2498 alium

116 2518 329 2598 interpellatum
356 2520 391 2579 ab
411 2521 585 2580 adversariis
609 2521 645 2580 de
665 2523 784 2600 propria
804 2522 870 2598 lite,
903 2531 1112 2600 negantemque

118 2604 294 2681 cognitionis
309 2621 385 2680 rem,
410 2603 461 2662 scd
478 2602 603 2663 ordinari
623 2606 692 2664 iuris
708 2623 789 2683 csse,
813 2622 903 2682 agere
918 2624 1035 2666 causam
1049 2624 1112 2665 con·

116 2688 212 2748 festim
230 2686 306 2766 apud
320 2705 353 2746 se
376 2688 488 2764 coegit,
507 2689 641 2765 proprio
660 2689 781 2768 negotio
801 2688 1012 2749 documentum
1026 2689 1111 2749 dutu-

116 2790 200 2846 rum,
218 2787 309 2850 quum
327 2787 443 2850 aequus
457 2768 554 2830 iudea>
568 2771 600 2832 in
620 2771 721 2834 clieuo
739 2772 860 2852 negotio
879 2770 1006 2850 futurus
1024 2777 1143 2835 esectu

115 2853 261 2915 Feminam
275 2871 334 2912 non
346 2863 554 2932 agnoscentem
569 2855 656 2916 lilium
672 2874 768 2933 snum,
781 2855 865 2916 dubia
876 2857 1019 2934 utrimque
1033 2875 1112 2933 argu·

115 2947 274 2997 mentorum
289 2937 362 3015 fide,
380 2938 415 2997 ad
432 2938 645 2999 confessionem
659 2940 796 3019 compulit
811 2939 920 2999 indicto
936 2942 1112 3000 matrimonio

115 3021 236 3080 iuvenis.
276 3020 455 3081 Absentibus
480 3022 636 3083 secundum
660 3033 831 3102 praesentes
858 3023 995 3083 facillime
1020 3023 1112 3099 dabat,

114 3103 195 3163 nullo
211 3102 345 3183 delectu,
369 3106 492 3184 culpane
507 3108 570 3186 quis
587 3126 623 3167 an
645 3108 739 3187 aliqua
756 3109 935 3168 necessitate
957 3115 1113 3167 cessasset.

114 3184 316 3249 Proclamante
328 3190 463 3269 quodam,
476 3191 684 3269 praecidendas
694 3192 812 3253 falsario
821 3208 936 3267 manus,
951 3192 1112 3252 carnificem
1119 3203 1142 3267 u·

115 3272 209 3328 statim
237 3274 325 3332 acciri
355 3293 417 3335 cum
439 3276 591 3336 machaera
621 3294 777 3355 mensaque
809 3275 935 3335 lanionia
965 3274 1112 3352 flagitavit.

119 3349 337 3429 Peregrinitatis
357 3376 452 3436 reum,
483 3376 537 3418 or·-=
575 3369 622 3410 ute
667 3361 818 3420 dvm-atos
838 3359 896 3418 levi
920 3361 1113 3434 contentione,

114 3441 280 3512 totagumnr
294 3458 323 3482 a„
349 3441 427 3486 sarra,
449 3460 493 3490 nm
509 3461 524 3486 a
631 3473 647 3486 ··
718 3477 724 3490 ·
751 3444 1113 3522 ··nortere*,quasiaeqni·
