2286 3944
109 241 171 304 222
199 254 229 303 c.
245 253 395 302 sunuom
414 252 543 313 anano.
560 253 607 300 nu
622 251 706 299 vnnu
721 250 908 300 cunsunmu
924 250 995 299 mn.
1009 253 1071 300 vn.

110 418 197 470 nocte
218 407 406 485 interposita,
436 407 530 485 primo
552 405 679 466 diluculo
706 405 868 466 sordidatus
893 403 1052 465 descendit
1077 406 1110 466 ad

111 502 206 554 rostra
222 491 378 569 multisque
395 509 458 550 cum
474 489 601 550 lacrimis
623 489 725 550 eadem
742 489 806 567 illa,
827 507 929 548 verum
953 506 970 548 e
999 489 1107 566 libello,

109 585 232 638 testatus
248 583 302 633 est.
336 576 447 634 Rursus
461 574 667 652 interpellante
682 573 773 633 milite
787 591 823 632 ac
840 571 954 651 populo
967 581 1000 633 et
1011 590 1049 631 ne
1061 572 1107 633 de·

110 663 212 722 liceret
228 658 360 718 hortante
378 675 550 736 omnemque
565 676 685 737 operam
698 674 778 716 suam
792 658 922 716 certatim
935 655 1106 735 pollicente,

111 746 234 805 animum
255 743 412 820 resumpsit
431 741 624 819 Sabinumque
649 750 678 800 et
698 742 830 818 reliquos
855 739 1015 800 Flavianos
1041 739 1127 799 nihils

111 831 167 889 iam
181 829 333 886 metuentis
347 826 377 884 vi
394 824 486 884 subita
501 825 528 883 in
547 823 719 903 Capitolium
737 822 886 902 compulit,
905 840 1107 902 succensoque

111 911 221 991 templo
239 909 320 970 lovis
336 908 441 987 Optimi
457 909 573 968 Maximi
589 909 749 987 oppressit.
782 906 853 967 Cum
875 915 904 966 et
920 907 1065 985 proelium
1080 915 1107 966 et

109 994 271 1056 incendium
287 1012 303 1052 e
320 992 472 1053 Tiberiana
489 993 675 1071 prospiceret
695 991 779 1052 domo
801 993 876 1049 inter
899 991 1023 1068 epulas,
1051 1007 1106 1050 non

109 1080 198 1140 multo
216 1087 283 1156 post
301 1077 453 1154 paenitens
470 1075 539 1134 lacti
557 1077 627 1134 etin
644 1075 718 1135 alios
734 1074 848 1154 culpam
865 1074 1042 1151 conferens,
1058 1091 1106 1132 vo-

110 1173 172 1224 cata
190 1162 326 1221 contione
341 1160 446 1219 iuravit
462 1161 618 1238 coegitque
632 1161 727 1218 iurare
753 1168 781 1218 et
806 1167 940 1235 ceteros,
960 1157 1033 1217 nihil
1055 1157 1107 1216 sibi
1115 1170 1135 1211 tt

109 1248 252 1323 antiquius
268 1245 365 1322 quiete
381 1242 497 1320 publica
511 1243 586 1303 iore.
619 1243 699 1302 'lunc
716 1242 840 1302 solutum
856 1241 979 1301 alatere
1004 1244 1105 1319 pugio-

110 1347 175 1389 nem
190 1328 302 1388 consuli
317 1328 448 1403 primum,
467 1325 572 1386 deinde
588 1327 639 1386 illo
653 1335 808 1385 recusante
830 1324 1051 1402 magistratibus
1073 1342 1108 1384 ac

109 1412 177 1472 mox
193 1409 374 1470 senatoribus
391 1409 513 1486 singulis
528 1411 704 1488 porrigens,
726 1410 806 1469 nullo
821 1409 1004 1487 recipiente,
1028 1409 1108 1486 quasi

109 1499 138 1556 in
151 1494 224 1554 aede
240 1492 423 1552 Concordiae
440 1494 589 1571 positurus
604 1494 757 1553 abscessit.
790 1493 849 1552 Sed
872 1492 1046 1570 quibusdam
1060 1492 1107 1551 ad·

110 1575 308 1652 clamantibus,
323 1577 424 1653 ipsum
439 1594 508 1637 este
522 1575 741 1653 Concordiam,
757 1577 842 1636 rediit
856 1595 912 1636 nec
927 1576 1023 1636 solum
1040 1577 1104 1635 reti·
1118 1597 1137 1637 ut

109 1679 179 1722 nere
196 1677 228 1718 se
245 1660 353 1718 ferrum
364 1660 528 1737 affirmavit,
544 1681 644 1720 verum
661 1664 746 1721 etiam
762 1659 947 1721 Concordiae
969 1661 1107 1737 recipere

71 1761 102 1818 16
110 1761 287 1822 cognomen;
305 1745 453 1822 suasitque
471 1747 599 1822 senatui,
616 1754 645 1804 ut
659 1745 776 1822 legatos
793 1763 857 1804 cum
873 1743 1035 1820 virginibus
1050 1744 1108 1802 Ve-

109 1827 229 1889 stalibus
245 1829 401 1904 mitterent,
417 1846 521 1906 pacem
536 1839 585 1889 aut
602 1838 683 1888 certe
698 1839 812 1908 tempus
828 1827 864 1888 ad
888 1826 1109 1886 consultandum

110 1913 262 1992 petituros.

172 1995 315 2056 Postridie
331 2013 473 2074 responsa
489 1997 655 2075 opperienti
670 1997 825 2054 nuntiatum
841 2003 887 2054 est
902 2012 955 2072 per
969 1994 1140 2072 explora-n

110 2091 214 2156 torem,
230 2080 331 2140 hostes
346 2082 595 2159 appropinquare.
628 2078 769 2140 Continuo
786 2080 873 2156 igitur
888 2077 1041 2138 abstrusus
1055 2097 1110 2155 ge·

111 2165 229 2225 statoria
247 2164 331 2241 sella,
349 2163 461 2223 duobus
479 2164 549 2224 solis
566 2163 728 2240 comitibus,
740 2163 851 2241 pistore
864 2172 893 2222 et
905 2179 991 2237 coco,
1007 2161 1109 2222 Aven-

110 2251 197 2307 tinum
216 2256 245 2306 et
259 2256 408 2327 paternam
423 2247 537 2308 domum
553 2247 626 2307 clam
640 2249 728 2325 petit,
744 2256 774 2306 ut
789 2247 856 2306 inde
873 2248 901 2305 in
917 2243 1111 2323 Campaniam

109 2333 241 2409 ingeret;
256 2351 325 2391 mox
340 2333 398 2391 levi
413 2349 529 2391 rumore
546 2340 575 2390 et
588 2333 709 2408 incerto,
725 2340 867 2408 tamquam
881 2348 940 2409 pax
951 2331 1110 2407 impetrata

110 2420 203 2490 esset,
222 2416 326 2473 relerri
343 2434 376 2474 se
394 2417 422 2473 in
439 2416 576 2475 Palatium
600 2433 703 2494 passus
727 2423 781 2474 est.
827 2414 883 2475 Ubi
904 2431 967 2472 cum
988 2413 1110 2472 deserta
1120 2442 1142 2482 25

110 2498 203 2559 omnia
219 2499 392 2574 reperisset,
405 2498 597 2558 dilabentibus
613 2501 699 2576 etqui
716 2498 798 2558 simul
812 2507 904 2574 erant,
923 2514 997 2556 zona
1011 2515 1045 2556 se
1059 2516 1110 2556 au·

108 2597 225 2642 reorum
241 2580 328 2659 plena
345 2582 533 2642 circumdedit
548 2583 738 2661 confugitque
754 2583 782 2640 in
805 2582 940 2641 cellulam
962 2581 1110 2657 ianitoris,

109 2666 235 2742 religato
251 2682 305 2742 pro
322 2665 434 2725 loribus
447 2684 520 2725 cane
535 2666 676 2744 lectoque
692 2675 720 2725 et
737 2665 841 2726 culcita
856 2666 991 2725 obiectis.

69 2758 101 2816 17
171 2749 340 2827 Irruperant
364 2750 419 2809 iam
442 2751 566 2826 agminis
587 2759 793 2810 antecessores
814 2768 848 2810 ac
871 2751 984 2809 nemine
1017 2747 1110 2809 obvio

109 2832 294 2910 rimabantur,
312 2841 343 2892 ut
359 2834 399 2911 tit,
415 2833 539 2911 singula.
583 2834 630 2894 Ab
647 2834 692 2894 bis
708 2842 856 2894 extractus
874 2852 891 2893 e
908 2831 1031 2908 latebra,
1052 2835 1142 2897 sci-n

110 2919 259 2994 scitantes,
277 2919 342 2995 quis
358 2927 438 2978 esset
454 2920 535 2998 (nam
550 2917 754 2996 ignorabatur)
770 2926 800 2977 et
813 2917 862 2976 ubi
877 2935 944 2976 esse
956 2916 1113 2977 Vitellium

109 3002 207 3078 sciret,
224 3001 376 3062 mendacio
393 3003 491 3071 elusit;
509 3001 613 3062 deinde
629 3003 758 3079 agnitus,
774 3019 883 3078 rogare
907 3018 965 3060 non
988 2999 1111 3078 destitit,

110 3086 192 3163 quasi
209 3086 350 3164 quaedam
368 3086 405 3147 de
423 3086 514 3147 salute
530 3087 704 3166 Vespasiani
721 3086 865 3162 dicturus,
892 3094 921 3145 ut
946 3083 1112 3144 custodire-

109 3176 154 3227 tur
169 3169 283 3230 interim
300 3170 349 3230 vel
364 3173 393 3230 in
412 3188 541 3247 carcere,
557 3170 653 3230 donec
668 3170 800 3247 religatis
822 3178 889 3248 post
911 3179 996 3245 terga
1018 3170 1109 3226 mani·

108 3250 173 3328 bus,
190 3253 298 3314 iniecto
317 3255 483 3315 cervicibus
500 3255 622 3333 laqueo,
645 3263 728 3314 veste
750 3253 871 3314 discissa
893 3251 1057 3314 seminudus
1078 3251 1109 3310 in
1121 3272 1141 3313 at

107 3335 202 3394 iorum
217 3346 329 3397 tractus
345 3348 389 3398 est
411 3340 486 3399 inter
503 3357 606 3416 magna
627 3357 722 3397 rerum
747 3337 961 3416 verborumque
984 3333 1110 3394 ludibria

108 3436 162 3497 per
176 3427 267 3478 totum
290 3423 355 3481 viae
371 3423 480 3483 Sacrae
508 3425 647 3501 spatium,
671 3421 792 3482 reducto
813 3439 896 3482 coma
920 3421 1029 3499 capite,
1052 3437 1109 3478 ceu

107 3501 186 3562 nouii
200 3501 307 3558 solent.
326 3513 412 3556 atauo
433 3507 507 3556 erton
539 3515 625 3557 eunuc
643 3521 781 3563 mucrore
799 3505 887 3564 aladii
904 3505 1060 3578 subrecto,
1076 3513 1109 3562 ut
