2286 3944
461 207 564 255 uivus
587 207 712 255 rueme.
1050 195 1087 254 21

84 367 180 429 adhuc
194 372 224 424 et
238 363 419 431 obaeratum
439 363 467 420 in
490 360 724 441 expeditionibus
751 361 901 422 tessellata
923 369 953 421 et
976 360 1089 421 sectilia

85 452 251 532 parimente
276 445 499 514 circumtulisse;
527 445 700 506 Britanniam
722 446 833 523 petisse
864 464 919 524 spe
943 445 1131 520 mengeri-dl

86 545 194 610 turum,
227 547 345 608 quarum
381 529 593 607 amplitudinem
623 529 828 588 conferentem
865 527 1007 589 interdum
1040 546 1091 588 sua

86 616 325 690 manu-exegisse
339 612 469 691 pondus;
486 630 636 690 gemmas,
657 621 831 689 toreumata,
855 614 958 690 signa,
980 610 1091 672 tabulas

63 701 189 782 soperis
214 698 320 775 antiqui
348 714 466 774 semper
497 697 705 756 animosissime
739 713 942 781 comparesse;
973 696 1093 754 servitia

86 786 215 846 rectiora
232 782 425 860 politioraque
447 780 578 839 inmenso
602 781 714 858 pretio,
737 787 767 837 et
791 780 871 838 cuius
895 781 987 857 ipsum
1005 781 1092 839 etiam

87 867 229 948 puderet,
244 866 294 924 sio
312 873 342 923 ut
358 863 520 923 maenibus
538 871 656 923 ‚vetaret
677 863 794 932 inferri.;
822 863 1004 922 convivatum
1020 863 1089 922 assi·
1100 870 1133 923 48

88 953 145 1012 due
161 968 216 1028 per
231 948 404 1027 provincias
425 947 538 1007 duobus
551 947 705 1022 tricliniis,
723 962 862 1024 unoquo
880 947 973 1022 sagati
993 945 1091 1023 pellia-

87 1038 165 1110 tive,
182 1032 462 1109 ‚alteroquortogeti
478 1049 541 1091 cum
561 1028 775 1091 inlustrioribus
799 1030 1014 1107 provinciarum
1036 1028 1091 1089 dis·

54 1117 269 1179 weumberent.
304 1114 498 1175 Domesticam
516 1114 698 1192 disciplinam
718 1114 747 1172 in
768 1115 866 1190 parvis
887 1131 922 1172 ac
935 1110 1092 1173 maioribus

88 1201 177 1262 rebus
201 1199 355 1275 diligenter
375 1197 449 1257 adeo
469 1215 632 1276 severeque
647 1197 747 1271 uenit,
767 1205 805 1257 ut
816 1199 978 1274 pistorem,
1008 1195 1092 1256 alitum

85 1303 174 1365 quam
196 1282 252 1342 sibi
273 1299 376 1360 panem
391 1281 530 1341 conuiuis
551 1280 756 1356 subicientem,
773 1279 967 1359 compedibus
988 1282 1091 1340 ninne-

86 1371 141 1437 rit;
176 1366 310 1427 libertum
329 1365 528 1442 gratissimum
552 1365 595 1424 -ob
624 1363 811 1424 adulteratam
838 1364 943 1442 equitis
970 1363 1091 1425 Romani

88 1469 228 1526 onorem,
244 1450 379 1527 ¹quumvis
395 1449 474 1508 nullo
494 1457 651 1526 querente,
672 1447 789 1525 capitali
807 1465 902 1526 poena
919 1446 1069 1509 adiecerit.

59 1551 84 1595 to
157 1533 316 1595 Pudicitiae
334 1533 398 1593 eius
416 1531 523 1593 tenen
545 1531 615 1591 nibil
640 1530 754 1610 quidem
780 1541 897 1609 praeter
921 1530 1089 1591 Nicomedis
1099 1533 1131 1588 49

93 1616 311 1678 contubernium
331 1616 430 1691 laesit,
459 1615 543 1692 pravi
560 1623 658 1677 tamen
675 1623 712 1673 et
735 1615 856 1693 perenni
879 1615 1039 1693 obprobrio
1055 1623 1092 1672 et

92 1702 128 1763 ad
151 1701 274 1761 omnium
289 1699 420 1758 convitia
443 1699 589 1777 exposito.
634 1697 739 1759 Omitto
757 1696 847 1758 'Calvi
868 1698 959 1760 licini
976 1699 1090 1761 notissi-

92 1803 154 1845 mos
168 1801 290 1842 nereus:

695 1869 968 1941 Bithynia-quicquid

57 1961 83 2003 to
220 1953 427 2024 Etrpuedicetor
442 1952 571 2010 (laeseris
590 1969 720 2023 amquam
733 1953 833 2007 debuit.

57 2082 61 2087 .
90 2035 251 2095 liraetereo
280 2033 411 2092 actiones
426 2030 604 2091 diolabellue
625 2040 655 2091 et
677 2029 817 2090 :Curionis
847 2033 954 2108 patris,
984 2033 1092 2109 inqui·

77 2118 147 2177 'bus
174 2133 238 2175 oum
262 2113 415 2175 Dolabella
433 2115 565 2192 pelicem
574 2114 723 2192 repertae,
752 2113 1093 2190 spondomiturerterem

93 2199 201 2279 sepiae
214 2198 357 2274 lecticae,
375 2216 418 2259 tao
444 2196 531 2258 Curio
557 2197 712 2258 stabulum
734 2194 911 2259 Nicomedis
931 2204 963 2258 et
980 2196 1091 2276 ,Btrtup-

92 2284 195 2344 rta‘cttm
216 2281 373 2360 rfornt'oem
398 2280 503 2342 dicunt.
547 2281 635 2341 Missa
663 2282 747 2340 ctiam
769 2281 846 2341 facio
866 2281 968 2341 rodicta
985 2281 1091 2359 Bibuli,

58 2366 196 2445 atquibus
218 2365 392 2444 proscripsit
410 2364 558 2443 collepom
572 2382 660 2424 suum
675 2363 869 2443 Bithynicam
877 2365 1089 2444 repleami-

94 2466 153 2529 qoe
172 2453 266 2509 cmc
278 2465 387 2526 erepere
404 2447 505 2526 fuisse
525 2447 634 2523 cordi,
654 2467 740 2509 mccc
763 2466 831 2509 esre
845 2468 988 2529 ⁴repriorere.
1027 2451 1091 2526 Quo

10 2551 12 2557 ·
94 2541 241 2609 tempore,
275 2541 305 2591 ut
320 2531 436 2593 blancus
449 2531 554 2593 Brutus
568 2531 679 2610 refert,
702 2531 838 2593 &otarius
861 2535 945 2595 etiam
961 2535 1091 2612 quidam,

94 2613 250 2674 valitudine
277 2616 381 2674 mentis
408 2614 527 2675 liberine
550 2614 659 2692 :dicam
682 2619 1092 2693 1conventu1maximo,·cunr

94 2698 261 2775 Pompeium
287 2716 396 2775 regem
431 2698 626 2776 appellasset,
667 2700 760 2778 ipsum
783 2702 919 2777 reginam
948 2700 1090 2761 salutauit.

59 2794 85 2836 ao
96 2780 156 2840 Sed
179 2778 212 2839 G.
228 2780 375 2843 Memmios
393 2783 478 2843 etiam
495 2781 532 2842 ad
547 2783 685 2857 cyathum
707 2785 846 2843 cirinum
863 2783 1013 2845 Nicomedi
1034 2793 1090 2843 ste-

88 2866 165 2925 tisse
186 2862 291 2942 obicit,
321 2883 384 2925 oum
403 2865 524 2943 reliquis
547 2867 688 2943 exoletis,
718 2867 805 2945 pleno
833 2869 983 2944 convivio,
1008 2885 1091 2928 accu-

93 2946 227 3008 bantibus
248 2949 399 3009 :nonnullis
427 2948 536 3010 urbicis
565 2950 812 3026 negotiatoribus,
849 2968 969 3029 quorum
1000 2951 1093 3011 reiert

93 3031 217 3091 nomina.
250 3029 362 3092 -Gicero
379 3050 450 3092 uero
467 3049 531 3091 non
549 3043 699 3093 contentus
720 3034 748 3092 in
771 3033 939 3112 quibusdam
958 3034 1092 3112 epistulis

93 3114 264 3192 scripsisse,
283 3115 492 3177 a-setellitibus
516 3134 579 3176 eum
600 3117 628 3176 in
651 3116 811 3177 cubiculum
829 3118 941 3194 regium
959 3117 1092 3179 eductum

57 3197 123 3258 sein
145 3198 330 3258 aureodccto
349 3209 432 3260 ueste
455 3218 601 3278 purpurea
622 3199 813 3277 decubuisse,
836 3201 995 3281 floremque
1008 3212 1089 3262 aeta·

91 3280 131 3340 tie
146 3298 169 3340 ⁴a
183 3282 302 3342 Venere
317 3284 372 3342 orti
386 3284 420 3344 in
429 3282 564 3359 Bithynia
589 3285 823 3361 contaminatum,
845 3285 987 3364 quondam
1007 3289 1092 3347 etiarn

91 3364 121 3423 iu
145 3373 247 3425 senatu
268 3364 434 3427 defendenti
461 3367 489 3426 ei
515 3365 613 3442 Nysae
645 3385 775 3446 causam,
807 3369 885 3430 filiae
908 3369 1092 3446 ¹Nicomedis,

92 3446 295 3528 beneficiaque
325 3452 405 3528 regis
436 3452 464 3511 in
492 3469 525 3510 se
558 3453 791 3512 commemoranti
814 3453 964 3533 Remove,
991 3455 1092 3534 inquit,

10 3167 13 3197 l
