2286 3944
23 40 171 251 „.

10 417 17 429 ,
37 380 42 427 ;
66 356 189 432 quisque
205 351 326 410 animum
340 346 503 412 ,intenderet
526 351 601 408 acsi
618 349 793 410 censendum
812 352 905 429 magis
923 368 1006 427 quam
1023 349 1071 410 ad·

10 435 40 511 ⁵p'
65 433 246 496 sentiendum
262 442 350 492 esset.

123 519 237 579 Auctor
259 526 288 576 et
313 516 432 576 aliarum
449 533 545 574 rerum
566 515 634 593 fuit,
661 516 689 575 in
708 517 787 594 quis:
811 536 848 578 ne
872 526 936 579 acta
953 527 1071 578 senatus
1079 525 1116 579 36

10 598 38 642 Τ
64 602 296 683 publicarentur,
323 618 360 659 ne
386 600 570 675 magistratus
597 599 731 678 deposito
767 601 879 662 honore
913 603 1006 660 statim
1042 602 1070 660 in

10 687 30 727 Γ
44 687 232 767 aprovinoias
253 685 449 759 mitterentur,
470 691 500 741 ut
521 682 746 762 proconsulibus
767 685 802 744 ad
817 686 910 745 mulos
932 693 960 744 ct
975 685 1069 745 taber-

10 752 44 813 Τ
62 770 167 831 nacula
189 786 263 846 quae
281 767 398 847 publice
416 767 508 827 locari
523 766 657 826 solebant
680 776 759 827 certa
774 771 897 846 pecunia
915 771 1068 828 constitne-

10 855 37 940 Γ,
62 863 161 928 retur,
184 862 213 911 ut
235 870 303 912 cura
325 852 419 911 aerari
443 850 680 928 aquaestorihus
707 851 823 911 urbanis
848 853 883 912 ad
905 854 1069 930 praetorios

10 940 44 1025 sp
62 946 255 1016 praetoresve
270 936 422 1011 transiret,
451 943 480 993 ut
496 935 731 995 centumuiralem
747 935 857 995 hastam
880 953 965 1014 quam
982 953 1068 1013 quae·

10 964 42 1087 ‘ir
61 1030 169 1081 sturam
184 1020 272 1079 functi
289 1027 463 1079 consuerant
475 1035 584 1096 cogere
600 1017 757 1079 decemviri
773 1028 923 1096 cogerent.
946 1019 1069 1097 Quoque
1077 1032 1112 1087 37

417 194 523 242 orvns
546 195 736 242 audoenus,
1032 184 1072 243 55

10 1094 54 1239 Γ
62 1106 164 1184 plures
184 1112 297 1183 partem
317 1103 558 1163 administrandae
579 1103 623 1162 rei
646 1121 673 1181 p.
701 1113 857 1181 caperent,
879 1120 956 1163 nova
973 1103 1069 1162 officia

10 1192 33 1251 Γ,
60 1188 256 1265 excogitavit:
286 1205 382 1247 euram
404 1203 524 1265 operum
545 1185 744 1265 publicorum,
766 1189 892 1264 viarum,
920 1205 1068 1266 aquarum,

10 1275 29 1314 Γ
60 1272 137 1333 alvei
155 1270 280 1348 Tiberis,
298 1271 432 1330 frumenti
448 1270 558 1349 populo
575 1270 730 1348 dividundi,
748 1271 962 1349 praefecturam
977 1271 1068 1348 urhis,

10 1351 38 1431 ΓῘΓ
59 1357 267 1415 triumuiratum
281 1353 399 1432 legendi
415 1362 548 1431 senatus,
569 1364 598 1414 et
620 1355 741 1415 alterum
755 1355 991 1433 recognoscendi
1011 1364 1067 1414 tur-

11 1444 30 1481 ί
59 1457 120 1500 mas
138 1440 282 1517 equitum,
301 1440 494 1517 quotiensque
511 1456 585 1517 opus
607 1447 694 1498 esset.
734 1437 882 1500 Censores
904 1440 999 1499 creari
1019 1439 1066 1498 dc·

10 1515 134 1651 positos
156 1523 248 1599 longo
272 1523 425 1583 intervallo
449 1525 567 1582 creavit.
609 1522 764 1583 Numerum
785 1533 952 1602 praetorum
978 1524 1066 1583 auxit.

29 1658 32 1667 .
59 1607 169 1684 Exegit
186 1608 288 1684 etiam,
307 1615 336 1665 ut
353 1607 486 1684 quotiens
503 1606 669 1667 consulatus
686 1607 740 1666 sihi
756 1607 889 1685 daretur,
913 1608 997 1668 binos
1012 1624 1066 1686 pro

10 1686 33 1745 :a
59 1691 183 1768 singulis
200 1690 333 1767 collegas
354 1689 492 1766 haberet,
516 1709 572 1750 nee
589 1691 726 1769 optinuit,
749 1692 974 1752 reclamantibus
999 1710 1054 1751 cun

10 1779 33 1865 ep
59 1777 115 1834 ctis
132 1776 202 1834 satis
217 1776 397 1834 maiestatem
414 1775 475 1833 eius
491 1775 631 1851 imminui,
656 1775 734 1853 quod
759 1775 901 1834 honorem
921 1795 985 1835 eum
1007 1793 1066 1834 non

10 1862 32 1939 ξι
58 1859 141 1919 solus
156 1857 208 1917 sed
225 1876 288 1916 cum
306 1857 398 1917 altero
416 1868 545 1934 gereret.
581 1858 644 1918 Nec
662 1861 780 1937 parcior
795 1861 824 1918 in
840 1859 946 1919 bellica
963 1861 1111 1919 virtute38

57 1941 246 2018 honoranda,
276 1959 364 2019 super
390 1943 504 2019 triginta
527 1942 648 2002 ducibus
669 1944 760 2002 iustos
784 1943 943 2020 triumphos
964 1952 994 2001 ct
1015 1943 1065 2002 ali·

10 2030 25 2068 Γ
58 2034 167 2105 quanto
183 2024 314 2104 pluribus
329 2024 510 2104 triumphalia
526 2035 694 2086 ornamenta
710 2026 895 2086 decernenda
912 2026 1031 2085 curavit.

10 2112 33 2152 Γ·
120 2107 234 2168 hiberis
250 2118 432 2185 senatorum,
449 2125 506 2188 quo
520 2110 644 2170 celerius
659 2111 703 2168 rei
718 2128 747 2188 p.
764 2118 980 2184 assuescerent,
998 2124 1065 2186 pro-

10 2197 24 2236 Γ
57 2194 135 2253 tinus
156 2211 172 2252 a
196 2192 272 2252 virili
292 2201 363 2269 toga
379 2193 465 2253 latum
489 2193 602 2252 clavum
618 2192 737 2252 induere
753 2201 781 2251 et
804 2194 901 2252 curiae
923 2193 1066 2251 interesse

10 2266 35 2319 Γ““
57 2277 212 2356 permisit,
240 2276 425 2354 militiamque
452 2276 669 2354 auspicantibus
697 2294 761 2350 non,
782 2276 955 2335 tribunatum
979 2276 1065 2336 modo

10 2292 49 2491 tls
57 2361 220 2438 legionum,
237 2359 289 2419 sed
305 2369 334 2420 et
349 2360 549 2438 praefecturas
565 2361 673 2420 alarum
686 2360 782 2430 dedit;
798 2378 833 2420 ac
847 2379 883 2419 ne
896 2360 944 2438 qui
956 2379 1066 2439 expers

10 2447 22 2486 Γ
58 2453 220 2505 castrorum
236 2453 331 2520 esset,
348 2444 431 2504 binos
448 2445 619 2523 plerumque
635 2445 799 2506 laticlauios
822 2446 992 2524 praeposuit
1008 2445 1065 2504 sin-

10 2526 25 2572 Γ
57 2527 136 2606 gulis
157 2527 220 2587 alis.

10 2618 21 2655 Γ
122 2611 259 2688 Equitum
280 2620 387 2671 turmas
402 2612 571 2691 frequenter
591 2615 778 2691 recognovit,
798 2622 864 2692 post
886 2613 1003 2690 longam
1023 2614 1064 2672 in-

10 2700 31 2757 it
57 2695 277 2773 tercapedinem
292 2696 412 2756 reducto
430 2714 512 2757 more
533 2699 731 2757 travectionis.
767 2697 826 2757 Sed
841 2715 936 2774 neque
953 2696 1065 2755 detrahi

10 2786 232 2870 lpoquemquam
259 2780 287 2839 iu
318 2779 496 2840 travehendo
516 2780 551 2840 ah
575 2790 747 2841 accusatore
771 2800 875 2860 passus
901 2789 959 2856 est,
988 2779 1067 2858 quod

10 2854 32 2914 'f
57 2863 122 2922 fieri
138 2862 262 2940 solebat,
281 2872 311 2922 et
324 2865 406 2923 senio
418 2864 466 2923 vel
480 2865 574 2944 aliqua
592 2867 726 2943 corporis
741 2865 807 2925 labe
821 2864 982 2942 insignibus
999 2881 1064 2940 per-

10 2949 27 3031 f
56 2948 491 3110 tltlntttdtlt'ddh
508 2948 1066 3111 dli2„tln223t0dolttlt0lttt

10 3119 16 3156 Γ
57 3115 115 3190 eis,
141 3113 190 3192 qui
211 3117 338 3175 maiores
364 3133 502 3175 annorum
523 3117 649 3194 quinque
674 3125 703 3174 et
718 3117 834 3192 triginta
854 3117 982 3175 retinere
1001 3132 1065 3174 eum

10 3197 185 3277 3aonollent;
214 3199 434 3278 impetratisque
462 3218 478 3260 a
505 3209 606 3258 senatu
632 3200 734 3259 decem
758 3199 953 3274 adiutoribus,
981 3211 1108 3266 unum39

10 3283 29 3366 'sq
56 3299 201 3361 quemque
218 3283 343 3360 equitum
358 3283 500 3342 rationem
515 3284 591 3342 vitae
609 3283 732 3342 reddere
748 3285 847 3360 coegit
863 3291 951 3360 atque
967 3301 1005 3342 ex
1022 3284 1062 3342 in·

10 3372 12 3407 ³
56 3364 189 3444 probatis
205 3365 279 3426 alios
296 3383 409 3444 poena,
434 3366 508 3426 alios
526 3367 680 3442 ignominia
696 3368 819 3442 notavit,
843 3366 942 3445 plures
964 3366 1060 3428 admo·

10 3452 23 3491 Γ
54 3450 182 3526 uitione,
201 3449 254 3509 sed
273 3451 363 3509 varia.
399 3450 586 3511 Leuissimum
600 3468 693 3525 genus
709 3449 910 3511 admonitionis
930 3451 983 3511 fuit
1004 3461 1059 3511 tra-
