2286 3944
209 243 485 294 nununnuuonuu
505 242 686 291 nunnonnnr
708 243 909 303 nunnonrnn.
997 231 1058 296 293

52 414 115 466 tum
130 400 209 462 nulla
225 408 308 460 antea
325 399 490 476 cuiusquam
509 397 676 473 comoedia,
694 400 722 458 id
744 408 789 458 est
805 409 872 459 octo
888 399 965 460 milia
981 419 1059 459 num·

53 504 183 557 morum;
211 493 369 564 propterea
396 499 503 541 summa
532 499 647 559 quoque
671 482 752 541 titulo
784 485 947 544 ascribitur.
989 482 1060 543 Nam

54 569 257 650 Adelphorum
278 567 448 647 principium
472 567 567 626 Varro
591 567 674 624 etiam
691 567 820 644 praefert
841 569 983 646 principio
1000 567 1060 628 Me·

55 655 168 717 nandri.

32 732 1061 886 ⁸antistitioittitd‘dotti“dimidii

56 907 185 968 refutare
203 837 338 979 conofus,
354 863 385 961 u’t
397 902 424 959 in
440 834 569 978 prdtogg
582 835 799 978 Adelphorumq:

209 1007 283 1062 Nam
297 1005 369 1078 qaod
383 1005 429 1059 oti
445 1004 538 1059 dicunt
550 1005 685 1072 malevoli,
698 1003 819 1059 domines
834 1003 934 1059 mobiles

208 1089 292 1147 Hunc
309 1089 437 1144 adiutore
450 1088 612 1160 assidueque
627 1104 683 1142 rena
700 1088 830 1156 scribere,

26 1182 49 1225 to
211 1172 291 1241 Quod
301 1174 342 1228 illa·
354 1172 525 1226 maledictum
538 1171 680 1226 uehemens
696 1186 755 1226 esse
770 1173 940 1226 existiment.-

208 1258 280 1314 Eem
294 1257 402 1312 laudem
418 1255 463 1310 dic
480 1255 554 1310 ducit
567 1258 732 1325 maximam,
750 1271 812 1310 cum
828 1257 881 1310 iltis
892 1256 987 1326 placet

210 1339 264 1407 Qut
275 1339 347 1396 vodr's
361 1341 496 1395 universis
511 1344 537 1394 et
544 1341 649 1410 populo
664 1341 785 1411 placent,

210 1422 331 1490 Quorum
345 1438 431 1494 opera
445 1425 473 1477 im
488 1423 569 1492 dello,
584 1426 612 1478 in
626 1426 690 1494 otio,
708 1426 736 1478 im
750 1425 854 1495 nepotio

211 1506 267 1563 Suo
280 1509 394 1580 quisque
410 1507 554 1577 [tempore]
571 1522 638 1562 aaut
653 1514 694 1563 est
705 1510 765 1562 riae
779 1507 922 1578 superbie.

29 1601 179 1666 invidetur
194 1609 288 1662 autem
303 1617 335 1660 se
350 1600 443 1660 levius
459 1599 645 1676 defendisse,
662 1602 727 1678 quia
745 1600 858 1659 sciebat
874 1609 903 1659 et
915 1599 1014 1659 Laelio
1032 1609 1062 1659 et

59 1687 190 1766 Scipioni
219 1702 277 1745 non
301 1686 441 1762 ingratam
468 1702 534 1743 esse
558 1684 632 1743 hanc
657 1686 835 1762 opinionem;
866 1701 940 1761 quae
967 1692 1062 1743 tamen

59 1773 151 1849 magis
167 1778 197 1829 ct
217 1787 309 1848 usque
331 1769 366 1828 ad
387 1770 551 1846 posteriora
566 1777 696 1846 tempora
712 1768 811 1827 valuit.
853 1765 886 1825 C.
911 1766 1060 1827 Memmius

58 1857 86 1916 in
100 1855 231 1915 oratione
248 1869 301 1931 pro
319 1871 351 1911 se
367 1854 420 1912 ait:
451 1850 484 1911 P.
498 1849 686 1930 Africanas,
712 1851 765 1931 qat‘
786 1869 806 1910 o
830 1849 970 1912 Terentio
987 1870 1059 1929 pcr-

10 1990 19 2005 .
59 1955 169 2001 comum
188 1942 354 2011 metuatur,
377 1953 456 2014 quae
473 1935 577 1996 domei
591 1937 710 1996 luserat
727 1937 811 2014 ipse,
838 1935 959 1995 momine
974 1935 1061 1995 iilius

27 2024 89 2084 mim
106 2037 231 2083 ocenum
247 2020 361 2081 detulit.
398 2019 499 2097 Nepos
515 2029 634 2080 auctore
652 2029 733 2079 certo
751 2021 932 2096 comperisse
954 2037 986 2077 se
1009 2020 1059 2095 ait,

59 2105 92 2168 G.
110 2104 237 2164 Laelium
259 2104 400 2182 quondam
421 2105 449 2162 in
470 2103 629 2164 Puteolano
646 2102 692 2162 ΚΙ.
709 2102 818 2162 Martiis
835 2103 1007 2162 admonitum
1024 2102 1060 2163 ab

58 2205 151 2250 uxore
166 2189 323 2265 temperius
339 2196 369 2246 ut
386 2187 581 2247 discumberet
597 2189 706 2266 petisse
723 2186 759 2246 ab
776 2205 810 2246 ea
833 2205 869 2245 ne
893 2186 1060 2265 interpella-

57 2281 120 2348 ret,
140 2287 268 2349 seroque
283 2271 397 2330 tandem
413 2273 574 2348 ingressum
590 2271 742 2330 triclinium
758 2271 877 2347 dixisse,
895 2287 952 2329 uon
970 2288 1061 2349 saepe

14 2420 17 2427 ,
58 2357 86 2415 iu
101 2354 257 2415 scribendo
272 2356 363 2432 magis
379 2354 433 2414 sibi
451 2357 649 2424 successisse;
673 2355 777 2414 deinde
791 2365 922 2434 rogatum
943 2365 972 2415 ut
990 2355 1060 2414 scri-

12 2432 107 2518 'rspta
130 2438 180 2498 illa
202 2438 349 2516 proierret
369 2441 570 2516 pronuntiasse
591 2457 693 2498 versus
717 2441 846 2517 quisunt
870 2441 898 2499 in
915 2439 1060 2500 Heauton·

57 2523 263 2582 timorumeuo:

122 2625 196 2682 Satis
205 2627 257 2697 pol
263 2632 395 2698 proterve
409 2641 451 2683 me
467 2626 536 2699 Syri
541 2629 683 2699 promisse
698 2627 753 2682 huc
768 2629 948 2683 induxerunt.

56 2725 161 2784 Santra
183 2721 347 2782 Terentium
370 2724 531 2798 existimat,
554 2725 578 2782 si
600 2726 685 2784 modo
708 2726 734 2782 in
751 2724 907 2783 scribendo
923 2723 1058 2783 adiutori·

56 2806 112 2867 bus
129 2805 301 2883 indiguerit,
317 2823 375 2865 non
393 2815 448 2866 tam
464 2808 602 2886 Scipione
619 2818 647 2867 et
662 2807 761 2867 Laelio
778 2809 818 2866 uti
837 2808 985 2884 potuisse,
1012 2809 1060 2886 qui

26 2897 125 2950 ”tunc
140 2889 350 2950 adulescentuli
365 2891 495 2965 fuerunt,
513 2910 596 2969 quam
620 2889 651 2950 G.
670 2892 800 2968 Sulpicio
819 2889 921 2965 Gallo,
944 2890 1060 2950 homine

54 2973 143 3035 docto
160 2981 190 3032 ct
206 2975 286 3033 cuius
302 2974 502 3034 consularibus
518 2975 592 3035 ludis
607 2977 714 3035 initium
729 2974 887 3034 fabularum
904 2975 1059 3034 dandarum

53 3058 175 3136 iecerit,
189 3056 238 3116 vei
254 3056 383 3131 Quanto
400 3058 536 3118 Labeone
554 3069 582 3118 et
597 3058 634 3117 M.
651 3058 793 3136 Popillio,
819 3058 964 3117 consulari
980 3066 1059 3117 utro·

54 3158 112 3220 qne
126 3158 162 3200 ac
184 3150 286 3219 pocta:
312 3142 379 3206 ideo
403 3144 496 3221 ipsum
511 3161 567 3201 non
585 3145 703 3202 iuvenes
720 3142 875 3218 designare
892 3143 941 3220 qui
963 3161 995 3201 se
1010 3141 1058 3201 ad·

53 3225 154 3284 iuvare
171 3225 316 3302 dicantur,
332 3226 384 3285 sed
401 3228 480 3286 viros
496 3245 624 3307 quorum
641 3242 768 3304 operam
790 3232 819 3286 et
834 3225 865 3284 im
887 3225 966 3286 dello
983 3232 1012 3285 ei
1028 3227 1060 3286 ire

23 3318 44 3362 ’ὅ
54 3308 119 3370 otio
137 3313 167 3368 et
180 3307 213 3368 im
227 3309 347 3389 nepotio
362 3311 487 3389 populus
504 3313 540 3370 sit
556 3320 704 3389 expertus.

117 3407 189 3469 Post
204 3409 296 3469 editas
313 3411 480 3471 comoedias
497 3411 621 3470 nondum
640 3410 765 3488 quintum
785 3417 872 3486 atque
891 3409 1059 3468 vicesimum

53 3510 194 3570 egressus
223 3511 343 3572 annum,
374 3513 461 3555 causa
490 3494 623 3555 vitandae
653 3493 798 3573 opinionis
825 3511 880 3572 qua
907 3492 1051 3552 videbam
