2286 3944
372 220 477 268 arvus
494 220 686 269 accusans,
966 211 1007 273 75

10 384 27 436 ut
48 377 79 434 in
97 376 235 435 extremis
250 378 350 454 spatiis
367 375 517 435 subsultim
533 375 717 452 decurreret,
739 377 884 452 segestria
899 376 947 436 vel
963 377 1006 437 lo·

10 459 96 519 licula
111 458 266 519 involutus.
286 459 380 519 Animi
396 458 510 520 laxandi
529 477 616 519 causa
630 458 717 518 modo
733 459 898 538 piscabatur
910 459 1011 536 hamo,

10 541 89 602 codo
111 541 177 601 talis
198 552 247 604 aut
269 544 403 604 ocellatis
424 542 604 620 nucibusque
626 543 742 602 ludebat
759 561 823 602 cum
841 544 940 621 pueris
955 544 1007 606 mi·

10 627 91 703 rutis,
108 642 182 704 quos
197 627 274 688 lacic
290 637 320 686 ct
334 626 503 704 garrulitate
520 625 650 686 amabilis
666 626 791 705 undique
805 621 1011 705 conquirebat,

10 711 162 788 »raecipuc
176 710 293 771 illauros
315 721 344 770 et
359 712 460 786 Syros.
490 709 563 769 Nam
579 710 703 788 pumilos
722 720 807 788 atque
825 710 965 771 distortos
978 719 1007 770 et

10 796 95 854 imnis
116 795 235 870 generis
257 795 400 871 eiusdem,
421 804 452 854 ut
473 794 596 854 ludibria
620 802 741 853 naturae
762 794 887 872 malique
903 795 1006 854 ominis

10 877 187 939 ibborrebat.
999 919 1003 928 .

60 961 264 1039 Eloquentiam
282 962 432 1040 studiaque
449 961 581 1021 liberalia
595 960 630 1021 ab
644 969 739 1020 aetate
755 962 845 1038 prima
857 969 886 1018 et
902 960 1049 1037 cupide84

10 1055 28 1105 ut
55 1044 287 1106 laboriosissime
310 1047 451 1106 exercuit.
494 1045 649 1104 Mutinensi
673 1044 753 1104 bello
777 1046 905 1104 intanta
928 1044 1006 1102 mole

10 1147 99 1188 *erum
121 1138 150 1188 et
164 1130 276 1207 legisse
291 1140 320 1189 et
338 1131 493 1209 scripsisse
509 1138 538 1188 et
554 1128 737 1187 declamasse
754 1128 860 1188 cotidie
875 1127 1005 1186 traditur.

10 1212 73 1273 lam
95 1211 236 1292 deinceps
258 1232 353 1292 neque
374 1216 403 1272 in
428 1221 529 1272 senatu
551 1229 647 1289 neque
663 1212 740 1290 apud
755 1211 895 1291 populum
910 1229 1006 1288 neque

10 1296 77 1376 opud
100 1296 206 1357 milites
227 1297 340 1357 loeutus
363 1307 407 1357 est
428 1314 560 1374 umquam
580 1298 634 1354 nisi
650 1295 784 1355 meditata
801 1305 830 1354 et
843 1295 1007 1373 composita

10 1382 152 1458 tratione,
174 1382 304 1458 quamvis
324 1400 383 1441 non
405 1381 580 1440 deficeretur
596 1379 632 1439 ad
647 1379 740 1439 subita
757 1379 951 1457 extemporali
964 1378 1006 1437 ia-

10 1465 119 1524 tultate.
149 1464 195 1524 Ac
216 1484 252 1523 ne
273 1465 433 1543 periculum
454 1465 611 1523 memoriae
632 1463 725 1523 adiret
740 1465 830 1523 autin
848 1461 1005 1522 ediscendo

12 1565 116 1626 empus
136 1548 315 1626 absumeret,
335 1551 454 1608 instituit
476 1548 601 1607 recitare
625 1549 728 1608 omnia.
760 1549 1008 1629 Serm'ones1·qtr0.·,

10 1650 58 1711 pue
82 1649 145 1691 eum
167 1632 288 1709 singulis
311 1641 397 1710 atque
423 1632 507 1691 etiam
523 1648 586 1691 curn
601 1631 679 1691 Liria
699 1650 751 1691 aua
766 1633 920 1709 graviores
935 1642 1011 1694 nom.

10 1718 56 1775 risi
79 1717 207 1794 scriptos
228 1725 256 1774 et
273 1735 289 1775 e
307 1716 409 1777 libello
427 1715 566 1793 babebat,
590 1734 627 1775 ne
644 1715 710 1794 plus
724 1716 854 1775 minusve
870 1715 1006 1792 loquere*

13 1819 47 1860 ur
74 1817 111 1858 ex
132 1809 277 1878 tempore.
310 1799 516 1860 Pronuntiabat
530 1799 606 1858 dulci
621 1808 650 1859 et
666 1801 786 1878 proprio
804 1797 1012 1879 quodamori's

10 1901 88 1960 tono,
105 1883 248 1962 dabatque
265 1884 380 1944 assidue
396 1884 547 1962 phonasco
564 1901 700 1961 operam;
718 1883 770 1942 sed
784 1897 1005 1958 nonnumquam,

9 1968 150 2027 nfirmatis
169 1966 317 2045 faucibus,
340 1969 496 2047 praeconis
513 1984 589 2025 voce
605 1966 641 2026 ad
663 1967 801 2044 populum
818 1967 1007 2025 concionatus

64 2134 154 2195 Multa
169 2135 241 2194 varii
257 2135 375 2211 generis
390 2152 479 2212 prosa
498 2134 630 2192 oratione
647 2133 828 2208 composuit,
851 2148 888 2188 ex
903 2122 1067 2206 quibus85‘

10 2217 139 2280 nonnulla
154 2219 182 2276 in
201 2228 286 2278 coetu
300 2217 481 2279 familiarium
496 2217 619 2275 velutin
635 2215 777 2275 auditorio
795 2213 945 2288 recitavit,
969 2211 1006 2270 si·

10 2312 51 2362 :ut
73 2301 242 2379 Rescripta
264 2300 363 2362 Bruto
387 2301 426 2361 do
446 2298 579 2375 Catone,
602 2317 676 2377 quae
698 2297 843 2357 volumina
867 2314 930 2356 cum
952 2296 1008 2354 iarn

10 2387 104 2447 senior
120 2403 158 2444 ex
173 2404 276 2464 magna
292 2394 375 2464 parte
391 2385 523 2461 legisset,
532 2384 669 2460 fatigatus
678 2381 796 2443 'liberio
811 2380 926 2441 tradidit
941 2397 1007 2458 per·

13 2469 143 2548 egenda;
165 2471 233 2529 item
249 2467 450 2530 Hortotioncs
471 2467 514 2528 ud
529 2466 777 2545 philosophiam,
801 2475 830 2524 et
851 2465 947 2543 aliqua
960 2461 1009 2523 Dc

10 2555 71 2615 nito
87 2570 165 2630 atta,
188 2571 272 2632 quam
288 2553 429 2612 tredecim
443 2552 542 2628 libris,
562 2549 737 2611 Cantabrico
753 2559 837 2610 tenus
854 2548 935 2609 bello
952 2566 1008 2615 nec

10 2638 94 2715 ultra,
111 2638 257 2716 exposuit.
291 2636 410 2698 Poetica
424 2636 581 2694 summatim
597 2637 700 2712 attigit.
730 2635 811 2695 Unus
827 2633 903 2693 liber
919 2640 1007 2708 extat,

10 2723 131 2801 scriptus
153 2721 188 2780 ab
204 2740 240 2781 eo
256 2721 432 2782 hexametris
447 2719 594 2796 versibus,
619 2720 700 2779 cuius
719 2727 748 2777 et
766 2723 964 2795 argumentum
980 2723 1009 2773 et

10 2806 102 2865 itulus
124 2815 169 2864 est
184 2804 295 2866 Sicilia
302 2830 317 2876 ,·
340 2813 419 2864 extat
440 2804 515 2863 alter
534 2821 628 2881 aeque
645 2802 776 2862 modicus
790 2800 1008 2880 Epigramma·

10 2896 82 2965 bum,
104 2907 179 2967 quae
200 2890 263 2948 iere
282 2899 415 2966 tempore
434 2887 542 2947 balinei
563 2886 761 2947 meditabatur.
797 2885 870 2944 Nam
891 2892 1007 2958 tragoe-

10 2973 78 3034 liam
95 2991 200 3050 magno
217 2973 325 3052 impetu
342 2990 479 3048 exorsus,
502 2990 560 3031 non
582 2971 750 3031 succedenti
775 2968 857 3045 stilo,
881 2965 1009 3026 abolevit

10 3056 270 3137 quaerentibusque
299 3057 414 3133 amicis,
442 3055 575 3134 quidnam
598 3054 674 3115 Aiax
700 3060 819 3130 ageret,
846 3047 1008 3127 respondit,

10 3141 126 3201 Aiacem
142 3160 223 3200 suum
238 3142 267 3200 in
283 3158 445 3219 spongeam
459 3137 634 3198 incubuisse.

69 3224 166 3286 Genus
187 3223 343 3304 eloquendi
365 3232 482 3283 secutus
498 3231 542 3281 est
558 3222 679 3299 elegans
695 3229 724 3280 et
738 3225 946 3296 temperatum,
967 3217 1050 3282 ri-sfi

10 3313 71 3370 tatis
86 3311 290 3370 sententiarum
305 3309 423 3387 ineptiis
437 3315 521 3384 atque
538 3309 729 3365 concinnitate
740 3311 768 3362 et
779 3301 1009 3362 reconditorum

10 3392 187 3472 uerborum,
205 3402 236 3454 ut
251 3395 314 3474 ipse
331 3391 416 3470 dicit,
431 3387 605 3468 foetoribus
611 3413 626 3459 ,·
652 3388 896 3467 praecipuamque
912 3403 1009 3447 curam

10 3477 99 3556 duxit,
115 3496 232 3538 sensam
245 3478 330 3540 animi
346 3494 428 3556 quarn
444 3473 626 3552 apertissime
642 3473 816 3558 exprimere.
849 3469 934 3546 Quod
950 3486 1009 3549 quo
