2256 3930
76 249 136 309 126
166 261 196 307 c.
212 259 361 308 suenoni
379 259 506 319 unane.
522 260 570 306 nn
585 261 667 308 vrrs
684 260 869 310 canssnoss
884 262 960 311 cru.
975 262 1043 311 1111.

74 418 112 479 Ut
133 416 228 474 levior
247 412 331 472 labor
348 412 538 472 iudicantibus
554 414 645 490 foret,
666 413 701 475 ad
720 423 855 494 quattuor
873 417 990 493 prioris
1006 421 1078 497 quin

75 511 131 560 tam
147 499 290 558 decuriam
307 495 422 558 addidit.
459 495 621 575 Temptavit
644 506 673 556 et
691 500 872 559 comitiorum
892 518 1077 562 morerere

76 594 140 644 cato
154 582 289 658 suffragia
306 580 417 660 populo
438 581 571 640 reddere.
600 580 708 658 Legata
727 601 764 641 ex
785 591 966 644 testamento
986 584 1078 646 Tiberi

74 684 241 748 quamquam
262 664 389 741 abolito,
415 664 467 723 sed
487 674 516 724 et
535 664 624 724 luliae
643 664 810 743 Augustae,
840 667 924 745 quod
947 667 1078 729 'liberius

74 758 291 831 suppresserat,
318 768 381 808 cum
403 749 459 808 ide
480 767 515 809 ac
535 751 597 808 sine
611 748 749 809 calumnia
769 761 1001 828 repraesentata
1018 768 1093 833 per-s

74 836 169 897 solvit.
207 833 439 894 Ducentesimam
461 835 624 893 auctionum
645 832 746 894 ltaliae
763 835 888 904 remisit:
919 837 1024 897 multis
1046 839 1078 897 in

74 919 238 982 cendiorum
269 918 369 978 damna
399 917 560 996 supplevit;
583 935 618 977 ac
645 918 669 976 si
695 916 799 996 quibus
823 936 919 996 regna
947 922 1079 998 restituit,
1104 938 1120 1013 q

73 1004 177 1066 adiecit
201 1010 230 1062 et
257 1002 379 1061 fructum
404 1019 516 1060 omnem
544 1001 766 1078 uectigaliorum
787 1009 817 1061 et
846 1002 978 1065 reditum
1000 1005 1079 1065 medi

72 1089 228 1167 temporis,
253 1095 282 1144 ut
304 1085 450 1145 Antiocho
474 1083 670 1161 Commageno
698 1087 863 1146 sestertium
891 1089 994 1150 milies
1017 1107 1078 1151 con·

73 1174 212 1232 tiscatum.
248 1170 373 1248 Quoque
388 1170 480 1245 magis
495 1169 600 1228 nullius
616 1187 674 1228 non
695 1169 763 1229 boni
781 1171 912 1250 exempli
930 1172 1033 1234 fautor
1044 1174 1101 1233 rios

73 1256 206 1330 deretur,
229 1253 341 1312 mulieri
365 1253 517 1312 libertinae
539 1255 689 1330 octoginta
711 1253 844 1332 donavit,
871 1256 956 1335 quod
978 1276 1077 1318 excru-

74 1342 147 1399 ciata
175 1338 354 1414 gravissimis
383 1339 533 1396 tormentis
554 1337 589 1396 de
620 1337 735 1397 scelere
760 1341 876 1417 patroni
897 1343 1077 1402 reticuisset.

73 1425 151 1499 Quas
176 1421 214 1480 ob
230 1439 278 1479 res
299 1422 374 1479 inter
394 1420 525 1499 reliquos
543 1420 670 1480 honores
688 1420 823 1482 decretus
846 1431 892 1483 est
915 1427 945 1484 ei
968 1426 1078 1505 clipeus

73 1524 190 1579 aureus,
213 1522 296 1582 quem
315 1512 385 1582 quot
408 1505 489 1563 annis
520 1513 601 1564 certo
628 1504 674 1565 die
695 1505 822 1584 collegia
845 1508 1039 1570 sacerdotum
1053 1511 1077 1569 in

74 1588 246 1668 Capitolium
265 1589 388 1663 ferrent,
414 1597 515 1648 senatu
536 1598 750 1669 prosequente,
780 1589 993 1673 nobilibusque
1014 1593 1120 1673 puen¹

72 1676 112 1734 ris
127 1690 162 1734 ac
178 1672 283 1751 puellis
300 1674 425 1731 carmine
443 1673 588 1733 modulato
611 1673 712 1734 laudes
729 1676 864 1734 virtutum
885 1677 952 1737 eius
975 1696 1075 1739 canen-

71 1758 155 1818 tibus.
178 1756 333 1815 Decretum
355 1766 447 1816 autem
465 1766 494 1816 ut
509 1757 585 1833 dies,
608 1776 664 1837 quo
679 1760 809 1837 cepisset
829 1760 1006 1839 imperium,
1030 1761 1075 1821 Pa·

70 1843 134 1903 rilia
161 1850 328 1916 uocaretur,
365 1841 442 1899 velut
472 1851 667 1917 argumentum
691 1861 790 1902 rursus
821 1843 960 1905 conditae
990 1845 1075 1906 urbis.

31 1932 61 1986 lt
134 1923 307 1984 Consulatus
323 1933 456 2003 quattuor
470 1926 578 2001 gessit,
599 1927 719 2004 primum
734 1946 771 1986 ex
785 1926 831 1986 lll.
855 1926 909 1987 lul.
936 1947 993 2007 per
1008 1929 1077 1990 duos

69 2028 200 2084 menses,
225 2009 381 2068 secundum
402 2027 439 2068 ex
461 2008 506 2068 Kl.
522 2008 582 2068 lau.
608 2028 662 2087 per
685 2029 755 2070 xxx.
775 2010 854 2087 dies,
886 2013 1008 2072 tertium
1034 2030 1094 2074 uss
1108 1994 1120 2033 ²(

70 2095 169 2172 quein
188 2092 254 2151 Idus
270 2093 339 2170 lan,
358 2102 485 2171 quartum
502 2111 592 2171 usque
613 2096 764 2172 septimum
782 2094 848 2154 ldus
864 2095 999 2155 easdem.
1036 2098 1078 2157 Ex

70 2176 201 2236 omnibus
227 2176 297 2236 duos
325 2179 499 2237 novissimos
519 2179 675 2236 coniunxit.
708 2178 835 2238 Tertium
857 2187 955 2240 autern
980 2180 1076 2259 Lugu-

70 2261 135 2319 duni
157 2261 217 2318 iniit
234 2261 333 2337 solus,
355 2280 412 2321 non
435 2270 464 2320 ut
482 2260 595 2340 quidam
623 2263 776 2340 opinantur
805 2263 946 2341 superbia
975 2265 1076 2343 negle-

69 2346 221 2420 gentiam,
244 2344 295 2403 sed
319 2345 395 2422 quod
413 2345 576 2404 defunctum
598 2344 651 2403 sub
667 2345 860 2406 Kalendarum
882 2346 961 2407 diem
987 2349 1076 2409 colle·

69 2445 135 2502 gam
158 2429 282 2485 rescisse
305 2429 409 2486 absens
430 2447 487 2488 non
510 2438 652 2507 potuerat.
689 2428 875 2506 Congiarium
898 2432 1018 2510 populo
1036 2433 1095 2492 biso

70 2509 148 2568 dedit
166 2519 301 2567 trecenos
331 2515 498 2589 sestertios,
533 2515 637 2572 totiens
659 2512 932 2574 abundantissimum
959 2518 1076 2594 epulum

70 2594 180 2652 senatui
202 2596 385 2672 equestrique
408 2596 510 2671 ordini,
528 2598 612 2657 etiam
635 2597 806 2674 coniugibus
823 2617 858 2659 ac
875 2598 981 2660 liberis
1001 2610 1075 2661 utro·

69 2694 203 2753 rumque;
227 2679 390 2753 posteriorc
406 2680 493 2757 epulo
515 2681 644 2740 forensia
662 2682 781 2759 insuper
798 2684 884 2758 viris,
907 2683 1030 2744 feminis
1046 2702 1076 2745 ac

69 2762 168 2840 pueris
187 2761 293 2819 inscias
315 2780 459 2840 purpurae
481 2782 515 2824 ac
538 2764 683 2838 conchylii
698 2765 849 2825 distribuit.
881 2765 921 2826 Et
946 2776 979 2826 ut
997 2769 1074 2828 laeti·

68 2849 135 2906 tiam
157 2844 300 2923 publicam
322 2847 349 2903 in
371 2857 539 2925 perpetuum
560 2866 676 2925 quoque
699 2859 835 2926 augeret,
866 2849 976 2911 adiecit
1005 2853 1095 2912 diemo

69 2929 267 2991 Saturnalibus
288 2930 503 3009 appellavitque
525 2932 699 2992 Iuvenalem.

25 3023 59 3078 18
128 3015 247 3075 iilunera
266 3013 448 3090 gladiatoria,
464 3017 565 3093 partim
582 3016 609 3073 in
631 3016 838 3093 amphitheatro
862 3017 951 3078 Tauri
974 3021 1074 3098 partim

68 3104 95 3161 in
115 3101 229 3177 Septis,
262 3099 369 3177 aliquot
395 3099 497 3176 edidit,
520 3099 620 3177 quibus
638 3101 756 3160 inseruit
779 3110 912 3161 catervas
934 3101 1073 3164 Afrorum

69 3186 336 3262 Campanorumque
362 3184 489 3261 pugilum
515 3202 552 3241 ex
579 3192 700 3261 utraque
729 3187 849 3261 regione
877 3186 1072 3248 electissimo·
1110 3220 1115 3249 r

1110 2416 1120 2455 b

1115 2823 1120 2862 i

1103 2925 1116 2947 U

68 3289 138 3327 rum.
176 3267 277 3345 Neque
298 3267 474 3344 spectaculis
495 3286 610 3344 semper
631 3269 694 3344 ipse
718 3269 881 3347 praesedit,
911 3271 965 3329 sed
988 3268 1112 3377 inter-³⁸¹

69 3352 133 3410 dnm
151 3362 197 3409 aut
216 3351 427 3427 magistratibus
445 3360 491 3409 aut
508 3352 605 3410 amicis
626 3352 808 3428 praesidendi
824 3372 924 3412 munus
941 3355 1071 3414 iniunxit.
1108 3400 1111 3405 .

69 3436 228 3493 Scaenieos
249 3435 331 3493 ludos
357 3445 384 3493 et
407 3434 521 3493 assidue
549 3443 576 3492 et
600 3437 671 3493 varii
692 3439 810 3512 generis
831 3455 865 3497 ao
888 3437 1072 3499 multifariam
1109 3436 1112 3471 ¹

68 3516 153 3594 iecit,
178 3519 318 3599 quondam
342 3528 370 3578 et
389 3529 561 3592 nocturnos,
584 3520 715 3578 accensis
735 3528 794 3581 tota
813 3520 884 3579 urbe
905 3521 1069 3583 luminibus.
1105 3498 1119 3825 Ξ
