2286 3944
372 255 475 303 nans
498 255 689 304 AUoUanS.
998 245 1037 306 65

25 408 237 484 convaluerat,
264 417 385 469 statuam
408 428 478 470 aere
501 411 615 470 conlato
639 413 718 472 iuxta
742 413 856 489 signum
877 410 1038 490 Aesculapi
1137 473 1139 477 ,

24 501 201 556 statuerunt.
231 491 369 552 Nonnulli
386 503 498 572 patrum
512 494 680 556 familiarum
697 504 870 556 testamento
887 504 1036 572 caverunt,

25 588 60 640 ut
83 577 120 637 ab
142 575 298 636 heredibus
322 578 381 635 suis
403 578 535 656 praelato
556 578 638 637 titulo
659 581 793 639 victimae
811 582 840 638 in
865 578 1037 658 Capitolium

26 663 207 723 ducerentur
227 669 383 738 votumque
405 678 459 739 pro
483 680 515 722 se
538 661 719 739 solveretur,
752 664 829 741 quod
850 665 1037 742 superstitem

10 749 195 823 ‚Augustum
213 744 408 823 reliquissent.
440 745 587 820 Quaedam
603 745 704 805 ltaliae
723 748 854 807 civitates
870 748 962 823 diem,
979 765 1036 826 quo

27 833 154 912 primum
175 828 210 888 ad
229 846 261 887 se
277 831 421 906 venisset,
445 831 553 889 initium
569 831 634 889 anni
650 831 792 889 fecerunt.
820 830 1037 891 Provinciarum

28 915 194 994 pleraeque
215 930 304 990 super
326 913 434 991 templa
451 923 480 972 et
495 932 559 974 aras
575 913 660 974 ludos
676 931 792 993 quoque
808 915 1036 993 quinquennales

28 1015 128 1079 paene
148 994 305 1075 oppidatim
328 998 544 1056 constituerunt.
584 998 684 1075 Reges
705 1000 788 1058 amici
808 1007 894 1076 atque
915 999 988 1057 socii
1008 1001 1081 1057 etto

29 1081 141 1160 singuli
155 1082 183 1139 in
198 1098 250 1140 suo
270 1081 392 1159 quisque
406 1099 500 1158 regno
518 1080 678 1142 Caesareas
697 1081 785 1142 urbes
803 1083 994 1142 condiderunt
1009 1092 1038 1142 et

10 1183 17 1222 r
30 1167 131 1228 cuncti
146 1164 229 1223 simul
243 1163 345 1224 aedem
361 1164 440 1224 lovis
457 1166 581 1244 Olympii
595 1165 733 1244 Athenis,
750 1168 904 1245 antiquitus
919 1165 1036 1226 incboa·

30 1262 106 1327 tam,
126 1248 271 1329 perlicere
294 1250 433 1308 communi
448 1260 561 1328 sumptu
579 1249 794 1310 destinaverunt
810 1250 959 1330 Genioque
975 1251 1037 1309 eius

30 1335 185 1402 dedicare;
209 1352 244 1393 ac
267 1352 356 1412 saepe
376 1335 475 1410 regnis
492 1335 619 1411 relictis,
640 1351 698 1395 non
712 1335 822 1395 Romae
838 1335 923 1394 modo
940 1333 1038 1394 sedet

30 1419 201 1501 provincias
222 1418 392 1495 peragranti
411 1417 554 1478 cotidiana
577 1419 674 1478 oflicia
696 1420 788 1495 togati
808 1437 843 1478 ac
865 1421 928 1478 siue
949 1418 1036 1494 regio

29 1503 158 1581 insigni,
172 1518 253 1560 more
271 1501 415 1560 clientium
429 1503 645 1580 praestiterunt.

10 1611 20 1650 5
101 1586 258 1662 Quoniam,
280 1585 372 1662 qualis
392 1587 421 1644 in
435 1588 554 1664 imperis
571 1605 605 1647 ao
619 1587 834 1664 magistratibus
850 1586 1037 1664 regendaque
1046 1584 1079 1638 61

30 1691 88 1753 per
102 1680 242 1730 terrarum
258 1669 358 1728 orbem
374 1687 448 1748 pace
463 1669 600 1749 belloque
615 1691 648 1731 re
663 1691 692 1751 p.
709 1672 811 1748 luerit,
828 1671 966 1749 exposui:
991 1687 1036 1728 re·

30 1759 127 1818 ieram
147 1771 222 1812 nunc
244 1754 411 1812 interiorem
433 1773 467 1814 ao
490 1755 657 1815 familiarem
675 1757 737 1815 eius
753 1757 857 1831 vitam,
876 1753 1037 1833 quibusque

30 1839 163 1900 moribus
188 1846 274 1916 atque
297 1838 411 1896 fortuna
433 1837 508 1897 domi
531 1848 560 1897 et
578 1841 654 1899 inter
676 1857 746 1900 suos
768 1841 862 1915 egerit
885 1857 901 1898 a
921 1839 1039 1896 iuventa

31 1941 128 2003 usque
146 1921 181 1981 ad
199 1938 363 2000 supremum
381 1923 457 1982 vitae
475 1923 559 1982 diem.

10 2023 21 2065 u
97 2006 219 2067 blatrem
245 2005 338 2064 amisit
361 2007 390 2063 in
417 2008 508 2084 primo
538 2006 704 2081 consolato,
735 2023 867 2065 sororem
891 2003 1039 2063 Octaviam

33 2089 322 2173 quinquagensimum
345 2098 374 2148 et
396 2101 525 2168 quartum
548 2108 639 2166 agens
656 2091 759 2148 aetatis
775 2107 886 2149 annum.
916 2086 1038 2163 Utrique

34 2194 101 2237 cum
127 2174 283 2253 praecipua
306 2174 403 2233 officia
430 2177 514 2234 vivae
540 2174 749 2252 praestitisset,
777 2174 862 2232 etiam
884 2170 1038 2230 deiunctae

32 2262 165 2321 honores
184 2257 322 2317 maximos
337 2257 444 2317 tribuit.
1088 2272 1089 2275 ’

100 2344 243 2421 Sponsam
262 2340 402 2401 habuerat
423 2341 596 2401 adulescens
615 2341 647 2401 P.
671 2340 778 2400 Servili
797 2339 919 2399 lsaurici
940 2333 1082 2413 filiamfit

10 2427 88 2490 Used
103 2425 310 2486 reconciliatus
329 2435 396 2504 post
411 2428 529 2504 primam
545 2425 717 2486 discordiam
732 2425 876 2501 Antonio,
899 2429 1038 2502 expostu-

34 2510 162 2573 lantibus
183 2511 331 2588 utriusque
353 2509 490 2569 militibus
506 2519 536 2569 ut
553 2519 582 2570 et
597 2509 811 2570 necessitudine
827 2507 922 2587 aliqua
937 2508 1038 2584 iunge-

34 2604 153 2670 rentur,
172 2593 332 2672 privignam
348 2594 410 2653 eius
427 2593 583 2671 Claudiam,
597 2593 716 2655 Fuluiae
731 2613 769 2653 ex
782 2593 813 2652 Ρ.
828 2591 930 2652 Clodio
942 2592 1038 2665 liliam,

35 2681 118 2741 duxit
131 2694 251 2737 uxorem
266 2678 381 2737 vixdum
391 2679 527 2755 nubilem,
545 2697 580 2738 ac
595 2679 739 2738 simultate
756 2694 820 2736 cum
834 2676 936 2736 Fulvia
952 2692 1040 2733 socru

35 2772 102 2825 orta
123 2761 228 2821 dimisit
241 2762 374 2822 intactam
390 2763 483 2822 adbuc
500 2773 529 2822 et
546 2765 697 2840 virginem.
727 2762 798 2822 Mox
814 2759 994 2820 Scriboniam
1010 2757 1040 2814 in

10 2847 247 2908 amatrimonium
269 2847 399 2924 accepit,
422 2857 538 2925 nuptam
557 2856 623 2907 ante
640 2845 752 2906 duobus
770 2842 985 2917 consularibus,
1002 2857 1041 2898 ex

36 2933 132 2994 altero
152 2932 237 2989 etiam
251 2939 379 2990 matrem.
409 2929 480 2991 Cum
494 2931 549 2991 bac
567 2948 682 3010 quoque
699 2929 850 2989 divortium
866 2928 950 3001 fecit,
974 2942 1040 3002 per·

37 3027 155 3089 taesus,
178 3023 208 3073 ut
231 3014 350 3092 scribit,
371 3032 481 3074 morum
497 3017 719 3095 perversitatem
736 3015 813 3089 eius,
838 3029 872 3071 ac
889 3010 984 3068 statim
996 3006 1040 3065 Ii-

36 3101 114 3161 viam
130 3097 286 3158 Drusillam
306 3101 485 3159 matrimonio
502 3099 602 3159 Tiberi
616 3098 743 3158 Neronis
766 3106 797 3156 et
819 3094 934 3173 quidem
958 3109 1041 3170 prae-

36 3178 176 3263 gn'antem
197 3183 332 3259 abduxit,
357 3183 513 3262 dilexitque
537 3193 566 3242 et
590 3182 725 3261 probavit
745 3181 830 3241 unice
852 3195 887 3238 ao
903 3193 1041 3255 perseve-

10 3276 147 3333 oranter.

102 3351 150 3411 Ex
166 3350 318 3412 Scribonia
333 3352 447 3429 Iuliam,
473 3370 511 3410 ex
525 3350 605 3410 Livia
618 3349 688 3408 nibil
703 3348 861 3408 liberorum
876 3345 954 3422 tulit,
980 3351 1088 3405 cunnos

36 3437 164 3498 maxime
183 3444 314 3514 cuperet.
346 3436 459 3510 Infans,
482 3436 530 3513 qni
546 3442 706 3511 conceptus
722 3441 798 3509 erat,
819 3433 984 3491 immaturus
1000 3436 1044 3488 est

38 3521 146 3583 editus.
174 3518 275 3581 Iuliam
297 3523 418 3600 primum
432 3518 593 3596 Marcello,
616 3517 755 3578 Octaviae
771 3517 882 3576 sororis
899 3533 968 3575 suae
984 3512 1043 3572 filio

92 3624 250 3664 sunromus.
859 3601 878 3659 t
