2286 3944
156 211 216 269 144
244 219 274 267 c.
290 216 440 266 susroru
459 212 587 272 ranno.
605 208 1052 259 mammaemammal

154 390 246 455 quam
261 387 358 450 neque
371 367 448 428 mali
458 365 594 446 seceris!
621 365 751 425 Threces
775 362 916 442 quosdam
932 362 1052 424 German

153 457 236 536 poris
258 452 425 515 custodibus
446 451 626 530 praeposuit.
669 447 881 523 llyrmillouum
908 456 1052 507 armatura

154 539 204 600 dit.
249 535 390 597 Columbo
418 537 540 610 victori,
572 534 677 593 leviter
700 541 795 592 tamen
817 533 935 607 saucio,
966 550 1052 590 vener

154 624 272 703 plagam
298 619 419 696 addidit,
449 617 527 697 quod
553 636 590 677 ex
615 633 651 676 eo
678 614 878 676 Columbinum
903 615 1050 693 appellavi

157 714 239 767 certe
260 706 335 764 inter
350 703 406 765 alia
424 719 538 763 venena
557 702 695 779 scriptum
721 699 756 759 ab
782 716 818 759 eo
843 708 992 776 repertum
1014 708 1053 758 est

157 791 239 850 sinae
253 789 373 848 factioni
388 789 427 846 ita
448 785 577 846 addictus
593 792 623 843 et
634 782 763 861 deditus,
795 790 825 842 ut
845 791 984 841 caenaret
998 785 1025 841 in
1048 804 1053 840 n

158 872 274 933 assidue
290 880 319 931 et
334 878 471 930 maneret.
508 868 651 947 Agitatori
669 865 802 942 Eutycho
820 867 1026 926 comissatione
1043 885 1053 944 q

158 958 187 1017 in
217 955 407 1035 apophoretis
432 953 523 1013 vicies
552 952 716 1012 sestertium
745 949 874 1010 contulit.
917 948 1041 1011 Incitato

161 1041 241 1099 cuius
263 1055 349 1098 causa
371 1035 463 1115 pridie
484 1039 647 1112 circenses,
677 1053 714 1094 ne
729 1036 952 1112 inquietaretur,
983 1035 1053 1094 vicir

159 1123 277 1182 lentium
299 1139 353 1200 per
375 1119 479 1179 milites
506 1119 635 1179 indicere
661 1117 790 1194 solebat,
818 1124 937 1196 praeter
965 1118 1053 1196 equilc

159 1223 287 1265 moseum
303 1211 333 1262 et
353 1220 499 1281 praesepe
525 1202 682 1262 eburneum
707 1209 882 1281 praeterque
910 1219 1053 1280 purpurea

159 1296 254 1347 menta
279 1305 313 1346 ac
336 1285 451 1344 monilia
477 1303 493 1345 e
515 1288 655 1364 gemmis,
689 1285 801 1346 domum
821 1285 905 1345 etiam
923 1292 953 1344 et
977 1285 1053 1345 famil

160 1368 370 1448 supellectilem
385 1367 478 1445 dedit,
510 1386 566 1448 quo
583 1370 687 1429 lautius
702 1370 815 1430 nomine
835 1370 897 1428 eius
915 1370 1027 1429 invitati
1046 1389 1053 1429 a

159 1461 271 1519 rentum
304 1451 481 1511 consulatum
499 1471 615 1532 quoque
631 1452 750 1515 traditur
767 1453 938 1512 destinasse.

117 1542 151 1596 ⁵6
223 1532 266 1595 lta
291 1533 480 1595 bacchantem
507 1545 592 1615 atque
616 1545 795 1615 grassantem
820 1552 877 1596 non
901 1535 992 1597 deluit
1013 1537 1053 1616 pl<

160 1618 268 1678 animus
295 1617 408 1679 adoriri.
454 1620 513 1680 Sed
536 1638 591 1680 una
616 1620 765 1700 alteraque
792 1622 1009 1699 conspiratione
1036 1621 1052 1680 d

160 1700 224 1760 aliis
254 1719 307 1779 per
339 1702 463 1780 inopiam
491 1705 654 1765 occasionis
682 1703 898 1782 cunctantibus,
925 1704 982 1766 duo
1013 1723 1054 1765 con

161 1787 441 1846 communicaverunt
460 1788 722 1868 perfeceruntque,
749 1805 807 1848 non
828 1789 891 1848 sine
913 1791 1050 1849 conseien

160 1870 382 1930 certissimorum
409 1869 578 1932 libertorum
605 1873 878 1951 praefectommque
907 1875 1050 1951 praetori;

161 1954 218 2033 ipsi
240 1971 353 2034 quoque
379 1957 433 2014 etsi
457 1955 531 2016 falso
553 1958 581 2015 in
602 1955 722 2035 quadam
749 1957 949 2017 coniuratione
972 1959 1052 2036 quasi

163 2039 245 2117 cipes
268 2039 416 2117 nominati,
448 2049 602 2120 suspectos
625 2048 719 2100 tamen
744 2059 777 2100 se
806 2048 836 2099 et
855 2041 967 2100 invisos
989 2051 1053 2102 sent

161 2121 233 2182 Nam
254 2131 283 2182 et
311 2124 404 2184 statim
433 2123 560 2184 seductis
586 2142 716 2202 magnam
744 2124 816 2183 lecit
843 2123 995 2202 invidiam,
1021 2125 1054 2185 de

161 2205 259 2281 gladio
286 2206 431 2268 affirmans
457 2216 566 2286 sponte
587 2225 622 2268 se
644 2207 830 2287 periturum,
863 2209 895 2268 si
919 2214 949 2269 ct
974 2210 1039 2270 illic

161 2288 272 2367 dignus
285 2289 456 2367 videretur,
487 2310 542 2351 nec
564 2295 689 2352 cessavit
704 2311 741 2352 ex
761 2309 797 2353 eo
819 2292 962 2353 criminari
980 2294 1053 2354 alter

159 2371 214 2429 teri
228 2380 313 2448 atque
328 2375 401 2432 inter
412 2392 445 2432 se
460 2377 552 2434 omnis
567 2378 753 2436 committere.

220 2450 289 2509 Cum
312 2454 472 2531 placuisset
487 2456 622 2517 Palatinis
645 2458 718 2517 ludis
741 2459 910 2537 spectaculo
933 2479 1055 2538 egressu

157 2532 228 2592 ridie
248 2533 384 2612 adgredi,
414 2540 521 2616 primas
543 2539 597 2598 sibi
620 2549 719 2619 partes
736 2542 855 2603 Cassius
875 2543 1008 2605 Chaerea
1031 2555 1055 2603 tr

158 2616 287 2678 cohortis
309 2623 473 2697 praetoriae
495 2621 684 2702 depoposcit,
714 2644 798 2706 quern
820 2627 906 2689 Gaius
931 2630 1055 2690 seniore,

157 2709 187 2760 nt
202 2701 318 2762 mollem
331 2712 360 2762 et
376 2704 567 2766 effeminatum
583 2706 724 2769 denotare
742 2711 819 2771 omni
833 2711 944 2790 probro
960 2730 1052 2772 consu

157 2784 242 2845 modo
259 2787 370 2862 signum
385 2791 494 2867 petenti
513 2789 680 2870 Priapum
702 2802 748 2854 aut
768 2796 948 2856 Venerem
970 2796 1055 2874 dare,

158 2867 310 2948 exaliqua
335 2887 421 2932 causa
443 2874 540 2952 agenti
563 2876 672 2952 gratias
698 2877 883 2939 osculandam
909 2898 1021 2940 manum
1050 2901 1055 2939 c

156 2951 306 3013 formatam
322 2965 548 3036 commotamque
563 2960 591 3018 in
606 2959 763 3021 obscenum
777 2962 900 3023 modum.

112 3042 147 3095 sl
218 3034 343 3097 Futurae
360 3039 458 3102 caedis
482 3041 569 3103 multa
589 3043 722 3122 prodigia
745 3048 909 3106 extiterunt.
945 3048 1055 3128 Olymp:

154 3118 310 3180 mulacrum
327 3121 420 3202 loris,
450 3125 528 3206 qnod
543 3126 663 3189 dissolvi
679 3130 888 3210 transferrique
902 3132 1024 3193 Romam
1040 3152 1055 3211 p

154 3209 214 3278 rat,
246 3212 352 3265 tantum
381 3207 548 3270 cachinnum
576 3222 697 3291 repente
726 3213 828 3291 edidit,
859 3224 888 3274 ut
911 3217 1052 3276 machinis

153 3282 238 3379 lactis
261 3289 383 3387 opifices
406 3291 584 3370 diffugerint;
617 3299 842 3377 superuenitque
863 3299 931 3359 ilico
956 3301 1055 3379 quidan

153 3383 212 3423 snus
231 3386 362 3450 nomme,
392 3375 499 3437 iussum
521 3399 554 3439 se
576 3383 688 3441 somnio
709 3381 853 3442 allirmans
873 3384 1023 3445 immolare
1047 3394 1055 3444 t

151 3444 223 3509 ῘΟΥῙ.
269 3451 440 3518 08οἷ”“1ἷ11π
488 3459 578 3518 iarum
630 3464 645 3505 Ἀ
685 3464 745 3509 Mo*
788 3464 821 3508 dn
848 3467 931 3526 casalo
961 3477 1056 3529 tpctup
