<?xml version="1.0" encoding="UTF-8"?>
<!DOCTYPE html PUBLIC "-//W3C//DTD XHTML 1.0 Transitional//EN"
    "http://www.w3.org/TR/xhtml1/DTD/xhtml1-transitional.dtd">
<html xmlns="http://www.w3.org/1999/xhtml" xml:lang="en" lang="en">
 <head>
  <title>
</title>
<meta http-equiv="Content-Type" content="text/html;charset=utf-8" />
  <meta name='ocr-system' content='tesseract 3.04.00' />
  <meta name='ocr-capabilities' content='ocr_page ocr_carea ocr_par ocr_line ocrx_word'/>
</head>
<body>
  <div class='ocr_page' id='page_1' title='image "./csuetonitranqui01suetgoog_0158.png"; bbox 0 0 2286 3944; ppageno 0'>
   <div class='ocr_carea' id='block_1_1' title="bbox 30 204 1069 355">
    <p class='ocr_par' dir='ltr' id='par_1_1' title="bbox 30 204 1069 355">
     <span class='ocr_line' id='line_1_1' title="bbox 30 204 1069 355; baseline 0.013 -74"><span class='ocrx_word' id='word_1_1' title='bbox 30 204 40 355; x_wconf 62' lang='lat' dir='ltr'><strong>p</strong></span> <span class='ocrx_word' id='word_1_2' title='bbox 308 258 314 271; x_wconf 49' lang='grc' dir='ltr'>ι</span> <span class='ocrx_word' id='word_1_3' title='bbox 405 238 509 287; x_wconf 85' lang='lat' dir='ltr'><strong>nruus</strong></span> <span class='ocrx_word' id='word_1_4' title='bbox 532 238 722 288; x_wconf 83' lang='lat' dir='ltr'><strong>nucusrus.</strong></span> <span class='ocrx_word' id='word_1_5' title='bbox 1028 235 1069 295; x_wconf 85' lang='lat'><strong>49</strong></span> 
     </span>
    </p>
   </div>
   <div class='ocr_carea' id='block_1_2' title="bbox 10 393 1120 3584">
    <p class='ocr_par' dir='ltr' id='par_1_2' title="bbox 10 393 1120 3584">
     <span class='ocr_line' id='line_1_2' title="bbox 62 393 1069 459; baseline 0.004 -3"><span class='ocrx_word' id='word_1_6' title='bbox 62 394 283 456; x_wconf 86' lang='lat' dir='ltr'><strong>commodanon</strong></span> <span class='ocrx_word' id='word_1_7' title='bbox 299 394 415 452; x_wconf 91' lang='lat' dir='ltr'><strong>minimo</strong></span> <span class='ocrx_word' id='word_1_8' title='bbox 430 395 568 452; x_wconf 89' lang='lat' dir='ltr'><strong>sectantis</strong></span> <span class='ocrx_word' id='word_1_9' title='bbox 583 393 747 455; x_wconf 80' lang='lat' dir='ltr'><strong>discrimine</strong></span> <span class='ocrx_word' id='word_1_10' title='bbox 764 394 873 455; x_wconf 83' lang='lat' dir='ltr'><strong>similes</strong></span> <span class='ocrx_word' id='word_1_11' title='bbox 889 396 984 458; x_wconf 94' lang='lat' dir='ltr'><strong>aiebat</strong></span> <span class='ocrx_word' id='word_1_12' title='bbox 1002 418 1069 459; x_wconf 88' lang='lat' dir='ltr'><strong>csse</strong></span> 
     </span>
     <span class='ocr_line' id='line_1_3' title="bbox 24 476 1069 561; baseline -0.002 -16"><span class='ocrx_word' id='word_1_13' title='bbox 24 524 29 545; x_wconf 78' lang='lat'><strong><em>.</em></strong></span> <span class='ocrx_word' id='word_1_14' title='bbox 61 495 151 540; x_wconf 92' lang='lat' dir='ltr'><strong>aureo</strong></span> <span class='ocrx_word' id='word_1_15' title='bbox 167 478 251 539; x_wconf 90' lang='lat' dir='ltr'><strong>hamo</strong></span> <span class='ocrx_word' id='word_1_16' title='bbox 268 476 461 556; x_wconf 82' lang='lat' dir='ltr'><strong>piscantibus,</strong></span> <span class='ocrx_word' id='word_1_17' title='bbox 479 478 559 536; x_wconf 90' lang='lat' dir='ltr'><strong>cuius</strong></span> <span class='ocrx_word' id='word_1_18' title='bbox 572 477 687 556; x_wconf 94' lang='lat' dir='ltr'><strong>abrupti</strong></span> <span class='ocrx_word' id='word_1_19' title='bbox 704 477 834 559; x_wconf 83' lang='lat' dir='ltr'><strong>damnum</strong></span> <span class='ocrx_word' id='word_1_20' title='bbox 854 480 932 540; x_wconf 91' lang='lat' dir='ltr'><strong>nulla</strong></span> <span class='ocrx_word' id='word_1_21' title='bbox 950 492 1069 561; x_wconf 88' lang='lat' dir='ltr'><strong>captura</strong></span> 
     </span>
     <span class='ocr_line' id='line_1_4' title="bbox 21 548 689 643; baseline -0.012 -18"><span class='ocrx_word' id='word_1_22' title='bbox 21 548 36 625; x_wconf 81' lang='grc' dir='ltr'><strong>Ι·</strong></span> <span class='ocrx_word' id='word_1_23' title='bbox 62 565 181 643; x_wconf 88' lang='lat' dir='ltr'><strong>pensari</strong></span> <span class='ocrx_word' id='word_1_24' title='bbox 195 570 306 642; x_wconf 90' lang='lat' dir='ltr'><strong>posset.</strong></span> <span class='ocrx_word' id='word_1_25' title='bbox 687 614 689 617; x_wconf 86' lang='lat'>.</span> 
     </span>
     <span class='ocr_line' id='line_1_5' title="bbox 19 632 1112 728; baseline 0.007 -20"><span class='ocrx_word' id='word_1_26' title='bbox 19 632 33 661; x_wconf 85' lang='lat'><em>&#39;</em></span> <span class='ocrx_word' id='word_1_27' title='bbox 123 647 311 724; x_wconf 76' lang='lat' dir='ltr'><strong>Magistratus</strong></span> <span class='ocrx_word' id='word_1_28' title='bbox 332 653 419 723; x_wconf 89' lang='lat' dir='ltr'><strong>atque</strong></span> <span class='ocrx_word' id='word_1_29' title='bbox 439 642 569 705; x_wconf 91' lang='lat' dir='ltr'><strong>bonores</strong></span> <span class='ocrx_word' id='word_1_30' title='bbox 596 655 625 705; x_wconf 91' lang='lat' dir='ltr'><strong>et</strong></span> <span class='ocrx_word' id='word_1_31' title='bbox 653 655 718 706; x_wconf 91' lang='lat' dir='ltr'><strong>ante</strong></span> <span class='ocrx_word' id='word_1_32' title='bbox 743 655 857 724; x_wconf 87' lang='lat' dir='ltr'><strong>tempus</strong></span> <span class='ocrx_word' id='word_1_33' title='bbox 881 657 909 707; x_wconf 93' lang='lat' dir='ltr'><strong>et</strong></span> <span class='ocrx_word' id='word_1_34' title='bbox 928 651 1112 728; x_wconf 80' lang='lat' dir='ltr'><strong>quosdamno</strong></span> 
     </span>
     <span class='ocr_line' id='line_1_6' title="bbox 10 727 1067 817; baseline 0.006 -28"><span class='ocrx_word' id='word_1_35' title='bbox 10 727 131 817; x_wconf 51' lang='lat' dir='ltr'><strong>&#39;penori</strong></span> <span class='ocrx_word' id='word_1_36' title='bbox 156 731 276 809; x_wconf 85' lang='lat' dir='ltr'><strong>generis</strong></span> <span class='ocrx_word' id='word_1_37' title='bbox 306 737 525 808; x_wconf 91' lang='lat' dir='ltr'><strong>perpetuosque</strong></span> <span class='ocrx_word' id='word_1_38' title='bbox 562 732 650 808; x_wconf 91' lang='lat' dir='ltr'><strong>cepit.</strong></span> <span class='ocrx_word' id='word_1_39' title='bbox 705 728 890 789; x_wconf 81' lang='lat' dir='ltr'><strong>Consulatum</strong></span> <span class='ocrx_word' id='word_1_40' title='bbox 926 736 1067 795; x_wconf 89' lang='lat' dir='ltr'><strong>vicesimo</strong></span> 
     </span>
     <span class='ocr_line' id='line_1_7' title="bbox 60 811 1067 897; baseline 0.004 -22"><span class='ocrx_word' id='word_1_41' title='bbox 60 815 166 876; x_wconf 91' lang='lat' dir='ltr'><strong>aetatis</strong></span> <span class='ocrx_word' id='word_1_42' title='bbox 182 830 256 875; x_wconf 93' lang='lat' dir='ltr'><strong>anno</strong></span> <span class='ocrx_word' id='word_1_43' title='bbox 272 815 392 890; x_wconf 86' lang='lat' dir='ltr'><strong>invasit,</strong></span> <span class='ocrx_word' id='word_1_44' title='bbox 409 811 531 872; x_wconf 91' lang='lat' dir='ltr'><strong>admotis</strong></span> <span class='ocrx_word' id='word_1_45' title='bbox 547 813 693 873; x_wconf 85' lang='lat' dir='ltr'><strong>hostiliter</strong></span> <span class='ocrx_word' id='word_1_46' title='bbox 708 813 744 874; x_wconf 91' lang='lat' dir='ltr'><strong>ad</strong></span> <span class='ocrx_word' id='word_1_47' title='bbox 768 813 867 873; x_wconf 88' lang='lat' dir='ltr'><strong>urbem</strong></span> <span class='ocrx_word' id='word_1_48' title='bbox 891 815 1067 897; x_wconf 82' lang='lat' dir='ltr'><strong>legionibus,</strong></span> 
     </span>
     <span class='ocr_line' id='line_1_8' title="bbox 10 878 1067 993; baseline 0.002 -34"><span class='ocrx_word' id='word_1_49' title='bbox 10 878 37 993; x_wconf 45' lang='grc' dir='ltr'><strong>ἐκ,</strong></span> <span class='ocrx_word' id='word_1_50' title='bbox 59 900 215 977; x_wconf 87' lang='lat' dir='ltr'><strong>missisque</strong></span> <span class='ocrx_word' id='word_1_51' title='bbox 236 899 284 977; x_wconf 94' lang='lat' dir='ltr'><strong>qui</strong></span> <span class='ocrx_word' id='word_1_52' title='bbox 305 897 360 957; x_wconf 94' lang='lat' dir='ltr'><strong>sibi</strong></span> <span class='ocrx_word' id='word_1_53' title='bbox 382 898 498 956; x_wconf 92' lang='lat' dir='ltr'><strong>nomine</strong></span> <span class='ocrx_word' id='word_1_54' title='bbox 523 900 669 957; x_wconf 80' lang='lat' dir='ltr'><strong>exercitus</strong></span> <span class='ocrx_word' id='word_1_55' title='bbox 691 896 902 976; x_wconf 90' lang='lat' dir='ltr'><strong>deposcerent;</strong></span> <span class='ocrx_word' id='word_1_56' title='bbox 930 919 993 960; x_wconf 93' lang='lat' dir='ltr'><strong>curn</strong></span> <span class='ocrx_word' id='word_1_57' title='bbox 1009 904 1067 980; x_wconf 92' lang='lat' dir='ltr'><strong>qui·</strong></span> 
     </span>
     <span class='ocr_line' id='line_1_9' title="bbox 31 979 1068 1097; baseline 0.001 -54"><span class='ocrx_word' id='word_1_58' title='bbox 31 982 35 1097; x_wconf 66' lang='lat' dir='ltr'><strong>p</strong></span> <span class='ocrx_word' id='word_1_59' title='bbox 60 983 128 1044; x_wconf 88' lang='lat' dir='ltr'><strong>dem</strong></span> <span class='ocrx_word' id='word_1_60' title='bbox 143 990 295 1042; x_wconf 89' lang='lat' dir='ltr'><strong>cunctante</strong></span> <span class='ocrx_word' id='word_1_61' title='bbox 312 990 412 1041; x_wconf 88' lang='lat' dir='ltr'><strong>senatu</strong></span> <span class='ocrx_word' id='word_1_62' title='bbox 444 979 597 1040; x_wconf 84' lang='lat' dir='ltr'><strong>Cornelius</strong></span> <span class='ocrx_word' id='word_1_63' title='bbox 615 984 762 1058; x_wconf 92' lang='lat' dir='ltr'><strong>centurio,</strong></span> <span class='ocrx_word' id='word_1_64' title='bbox 785 983 924 1061; x_wconf 91' lang='lat' dir='ltr'><strong>princeps</strong></span> <span class='ocrx_word' id='word_1_65' title='bbox 945 983 1068 1062; x_wconf 88' lang='lat' dir='ltr'><strong>legatio·</strong></span> 
     </span>
     <span class='ocr_line' id='line_1_10' title="bbox 10 1064 1070 1151; baseline 0.001 -24"><span class='ocrx_word' id='word_1_66' title='bbox 10 1099 31 1151; x_wconf 57' lang='lat'>,</span> <span class='ocrx_word' id='word_1_67' title='bbox 59 1069 123 1144; x_wconf 92' lang='lat' dir='ltr'><strong>nis,</strong></span> <span class='ocrx_word' id='word_1_68' title='bbox 139 1068 251 1126; x_wconf 91' lang='lat' dir='ltr'><strong>reiecto</strong></span> <span class='ocrx_word' id='word_1_69' title='bbox 267 1065 369 1142; x_wconf 87' lang='lat' dir='ltr'><strong>sagulo</strong></span> <span class='ocrx_word' id='word_1_70' title='bbox 390 1064 547 1124; x_wconf 88' lang='lat' dir='ltr'><strong>ostendens</strong></span> <span class='ocrx_word' id='word_1_71' title='bbox 565 1065 653 1142; x_wconf 86' lang='lat' dir='ltr'><strong>gladii</strong></span> <span class='ocrx_word' id='word_1_72' title='bbox 669 1067 817 1143; x_wconf 89' lang='lat' dir='ltr'><strong>capulum,</strong></span> <span class='ocrx_word' id='word_1_73' title='bbox 835 1084 893 1126; x_wconf 90' lang='lat' dir='ltr'><strong>non</strong></span> <span class='ocrx_word' id='word_1_74' title='bbox 911 1067 1070 1130; x_wconf 80' lang='lat' dir='ltr'><strong>dubitasset</strong></span> 
     </span>
     <span class='ocr_line' id='line_1_11' title="bbox 11 1148 1069 1245; baseline -0.001 -33"><span class='ocrx_word' id='word_1_75' title='bbox 11 1150 52 1245; x_wconf 24' lang='lat' dir='ltr'><strong>&#39;pto</strong></span> <span class='ocrx_word' id='word_1_76' title='bbox 59 1153 89 1211; x_wconf 92' lang='lat' dir='ltr'><strong>in</strong></span> <span class='ocrx_word' id='word_1_77' title='bbox 104 1152 184 1211; x_wconf 92' lang='lat' dir='ltr'><strong>curia</strong></span> <span class='ocrx_word' id='word_1_78' title='bbox 201 1149 315 1211; x_wconf 86' lang='lat' dir='ltr'><strong>dicere:</strong></span> <span class='ocrx_word' id='word_1_79' title='bbox 331 1148 392 1210; x_wconf 82' lang='lat' dir='ltr'><strong>llic</strong></span> <span class='ocrx_word' id='word_1_80' title='bbox 404 1148 518 1227; x_wconf 78' lang='lat' dir='ltr'><strong>faciet,</strong></span> <span class='ocrx_word' id='word_1_81' title='bbox 537 1150 566 1209; x_wconf 83' lang='lat' dir='ltr'><strong>oi</strong></span> <span class='ocrx_word' id='word_1_82' title='bbox 581 1160 639 1210; x_wconf 77' lang='lat' dir='ltr'><strong>ooo</strong></span> <span class='ocrx_word' id='word_1_83' title='bbox 652 1168 713 1210; x_wconf 83' lang='lat' dir='ltr'><strong>oon</strong></span> <span class='ocrx_word' id='word_1_84' title='bbox 726 1148 875 1227; x_wconf 73' lang='lat' dir='ltr'><strong>feceritis.</strong></span> <span class='ocrx_word' id='word_1_85' title='bbox 906 1152 1069 1212; x_wconf 89' lang='lat' dir='ltr'><strong>Secundum</strong></span> 
     </span>
     <span class='ocr_line' id='line_1_12' title="bbox 60 1235 1068 1313; baseline 0 -18"><span class='ocrx_word' id='word_1_86' title='bbox 60 1235 241 1295; x_wconf 83' lang='lat' dir='ltr'><strong>consulatum</strong></span> <span class='ocrx_word' id='word_1_87' title='bbox 258 1242 326 1312; x_wconf 87' lang='lat' dir='ltr'><strong>post</strong></span> <span class='ocrx_word' id='word_1_88' title='bbox 339 1251 445 1294; x_wconf 90' lang='lat' dir='ltr'><strong>novem</strong></span> <span class='ocrx_word' id='word_1_89' title='bbox 460 1252 561 1310; x_wconf 90' lang='lat' dir='ltr'><strong>annos,</strong></span> <span class='ocrx_word' id='word_1_90' title='bbox 579 1235 692 1293; x_wconf 92' lang='lat' dir='ltr'><strong>tertium</strong></span> <span class='ocrx_word' id='word_1_91' title='bbox 705 1252 780 1294; x_wconf 92' lang='lat' dir='ltr'><strong>anno</strong></span> <span class='ocrx_word' id='word_1_92' title='bbox 797 1235 953 1296; x_wconf 86' lang='lat' dir='ltr'><strong>interiecto</strong></span> <span class='ocrx_word' id='word_1_93' title='bbox 966 1238 1068 1313; x_wconf 83' lang='lat' dir='ltr'><strong>gessit,</strong></span> 
     </span>
     <span class='ocr_line' id='line_1_13' title="bbox 11 1316 1068 1407; baseline -0.003 -25"><span class='ocrx_word' id='word_1_94' title='bbox 11 1370 35 1407; x_wconf 35' lang='grc' dir='ltr'>ἢ</span> <span class='ocrx_word' id='word_1_95' title='bbox 60 1321 210 1398; x_wconf 86' lang='lat' dir='ltr'><strong>sequentis</strong></span> <span class='ocrx_word' id='word_1_96' title='bbox 230 1335 322 1396; x_wconf 88' lang='lat' dir='ltr'><strong>usque</strong></span> <span class='ocrx_word' id='word_1_97' title='bbox 344 1317 380 1378; x_wconf 93' lang='lat' dir='ltr'><strong>ad</strong></span> <span class='ocrx_word' id='word_1_98' title='bbox 401 1316 581 1377; x_wconf 90' lang='lat' dir='ltr'><strong>undecimum</strong></span> <span class='ocrx_word' id='word_1_99' title='bbox 604 1319 795 1395; x_wconf 87' lang='lat' dir='ltr'><strong>continuavit,</strong></span> <span class='ocrx_word' id='word_1_100' title='bbox 818 1319 973 1398; x_wconf 88' lang='lat' dir='ltr'><strong>multisque</strong></span> <span class='ocrx_word' id='word_1_101' title='bbox 990 1338 1068 1398; x_wconf 86' lang='lat' dir='ltr'><strong>mox,</strong></span> 
     </span>
     <span class='ocr_line' id='line_1_14' title="bbox 61 1401 1067 1480; baseline -0.001 -15"><span class='ocrx_word' id='word_1_102' title='bbox 61 1422 127 1465; x_wconf 91' lang='lat' dir='ltr'><strong>cum</strong></span> <span class='ocrx_word' id='word_1_103' title='bbox 146 1402 347 1480; x_wconf 80' lang='lat' dir='ltr'><strong>deferrentur,</strong></span> <span class='ocrx_word' id='word_1_104' title='bbox 369 1402 511 1461; x_wconf 87' lang='lat' dir='ltr'><strong>recusatis</strong></span> <span class='ocrx_word' id='word_1_105' title='bbox 539 1401 737 1461; x_wconf 91' lang='lat' dir='ltr'><strong>duodecimum</strong></span> <span class='ocrx_word' id='word_1_106' title='bbox 763 1419 889 1480; x_wconf 85' lang='lat' dir='ltr'><strong>magno,</strong></span> <span class='ocrx_word' id='word_1_107' title='bbox 911 1403 940 1463; x_wconf 94' lang='lat' dir='ltr'><strong>id</strong></span> <span class='ocrx_word' id='word_1_108' title='bbox 962 1413 1007 1464; x_wconf 93' lang='lat' dir='ltr'><strong>est</strong></span> <span class='ocrx_word' id='word_1_109' title='bbox 1023 1423 1067 1463; x_wconf 95' lang='lat' dir='ltr'><strong>se-</strong></span> 
     </span>
     <span class='ocr_line' id='line_1_15' title="bbox 10 1485 1068 1567; baseline 0 -19"><span class='ocrx_word' id='word_1_110' title='bbox 10 1534 27 1561; x_wconf 75' lang='lat'><em>,</em></span> <span class='ocrx_word' id='word_1_111' title='bbox 61 1486 237 1567; x_wconf 88' lang='lat' dir='ltr'><strong>ptemdecim</strong></span> <span class='ocrx_word' id='word_1_112' title='bbox 259 1503 413 1562; x_wconf 90' lang='lat' dir='ltr'><strong>annorum,</strong></span> <span class='ocrx_word' id='word_1_113' title='bbox 435 1485 589 1545; x_wconf 87' lang='lat' dir='ltr'><strong>intervallo</strong></span> <span class='ocrx_word' id='word_1_114' title='bbox 612 1495 641 1545; x_wconf 91' lang='lat' dir='ltr'><strong>et</strong></span> <span class='ocrx_word' id='word_1_115' title='bbox 665 1504 764 1545; x_wconf 92' lang='lat' dir='ltr'><strong>rursus</strong></span> <span class='ocrx_word' id='word_1_116' title='bbox 788 1489 902 1546; x_wconf 92' lang='lat' dir='ltr'><strong>tertium</strong></span> <span class='ocrx_word' id='word_1_117' title='bbox 926 1487 1068 1548; x_wconf 93' lang='lat' dir='ltr'><strong>decimum</strong></span> 
     </span>
     <span class='ocr_line' id='line_1_16' title="bbox 27 1566 1067 1650; baseline 0.004 -23"><span class='ocrx_word' id='word_1_118' title='bbox 27 1584 52 1628; x_wconf 83' lang='lat' dir='ltr'><strong>rs</strong></span> <span class='ocrx_word' id='word_1_119' title='bbox 62 1573 179 1633; x_wconf 91' lang='lat' dir='ltr'><strong>biennio</strong></span> <span class='ocrx_word' id='word_1_120' title='bbox 187 1577 256 1650; x_wconf 93' lang='lat' dir='ltr'><strong>post</strong></span> <span class='ocrx_word' id='word_1_121' title='bbox 267 1569 342 1630; x_wconf 89' lang='lat' dir='ltr'><strong>ultro</strong></span> <span class='ocrx_word' id='word_1_122' title='bbox 356 1571 448 1650; x_wconf 92' lang='lat' dir='ltr'><strong>petiit,</strong></span> <span class='ocrx_word' id='word_1_123' title='bbox 464 1578 494 1627; x_wconf 95' lang='lat' dir='ltr'><strong>ut</strong></span> <span class='ocrx_word' id='word_1_124' title='bbox 503 1566 535 1630; x_wconf 81' lang='lat' dir='ltr'><strong>G.</strong></span> <span class='ocrx_word' id='word_1_125' title='bbox 545 1579 574 1628; x_wconf 91' lang='lat' dir='ltr'><strong>et</strong></span> <span class='ocrx_word' id='word_1_126' title='bbox 582 1570 699 1629; x_wconf 86' lang='lat' dir='ltr'><strong>Lucium</strong></span> <span class='ocrx_word' id='word_1_127' title='bbox 706 1570 782 1630; x_wconf 89' lang='lat' dir='ltr'><strong>filios</strong></span> <span class='ocrx_word' id='word_1_128' title='bbox 796 1571 970 1649; x_wconf 90' lang='lat' dir='ltr'><strong>amplissimo</strong></span> <span class='ocrx_word' id='word_1_129' title='bbox 983 1591 1067 1650; x_wconf 89' lang='lat' dir='ltr'><strong>prae-</strong></span> 
     </span>
     <span class='ocr_line' id='line_1_17' title="bbox 61 1654 1066 1732; baseline -0.003 -15"><span class='ocrx_word' id='word_1_130' title='bbox 61 1656 136 1717; x_wconf 91' lang='lat' dir='ltr'><strong>ditus</strong></span> <span class='ocrx_word' id='word_1_131' title='bbox 153 1655 322 1732; x_wconf 90' lang='lat' dir='ltr'><strong>magistratu</strong></span> <span class='ocrx_word' id='word_1_132' title='bbox 336 1671 389 1714; x_wconf 93' lang='lat' dir='ltr'><strong>suo</strong></span> <span class='ocrx_word' id='word_1_133' title='bbox 405 1671 548 1732; x_wconf 89' lang='lat' dir='ltr'><strong>quemque</strong></span> <span class='ocrx_word' id='word_1_134' title='bbox 571 1656 706 1714; x_wconf 89' lang='lat' dir='ltr'><strong>tirocinio</strong></span> <span class='ocrx_word' id='word_1_135' title='bbox 731 1654 890 1714; x_wconf 87' lang='lat' dir='ltr'><strong>deduceret</strong></span> <span class='ocrx_word' id='word_1_136' title='bbox 912 1657 940 1713; x_wconf 96' lang='lat' dir='ltr'><strong>in</strong></span> <span class='ocrx_word' id='word_1_137' title='bbox 963 1656 1066 1716; x_wconf 87' lang='lat' dir='ltr'><strong>forum.</strong></span> 
     </span>
     <span class='ocr_line' id='line_1_18' title="bbox 10 1736 1067 1818; baseline 0.005 -23"><span class='ocrx_word' id='word_1_138' title='bbox 10 1790 12 1795; x_wconf 91' lang='lat'><em>.</em></span> <span class='ocrx_word' id='word_1_139' title='bbox 60 1741 195 1818; x_wconf 81' lang='lat' dir='ltr'><strong>Quinque</strong></span> <span class='ocrx_word' id='word_1_140' title='bbox 208 1736 321 1798; x_wconf 91' lang='lat' dir='ltr'><strong>medios</strong></span> <span class='ocrx_word' id='word_1_141' title='bbox 338 1737 504 1798; x_wconf 89' lang='lat' dir='ltr'><strong>consulatus</strong></span> <span class='ocrx_word' id='word_1_142' title='bbox 520 1747 634 1798; x_wconf 85' lang='lat' dir='ltr'><strong>asexto</strong></span> <span class='ocrx_word' id='word_1_143' title='bbox 651 1737 686 1798; x_wconf 90' lang='lat' dir='ltr'><strong>ad</strong></span> <span class='ocrx_word' id='word_1_144' title='bbox 708 1737 849 1798; x_wconf 91' lang='lat' dir='ltr'><strong>decimum</strong></span> <span class='ocrx_word' id='word_1_145' title='bbox 868 1757 977 1799; x_wconf 91' lang='lat' dir='ltr'><strong>annuos</strong></span> <span class='ocrx_word' id='word_1_146' title='bbox 1000 1759 1067 1818; x_wconf 87' lang='lat' dir='ltr'><strong>ges·</strong></span> 
     </span>
     <span class='ocr_line' id='line_1_19' title="bbox 10 1802 1067 1907; baseline -0.002 -22"><span class='ocrx_word' id='word_1_147' title='bbox 10 1802 27 1907; x_wconf 44' lang='lat' dir='ltr'>f</span> <span class='ocrx_word' id='word_1_148' title='bbox 61 1826 112 1902; x_wconf 94' lang='lat' dir='ltr'><strong>sit,</strong></span> <span class='ocrx_word' id='word_1_149' title='bbox 131 1831 249 1882; x_wconf 90' lang='lat' dir='ltr'><strong>ceteros</strong></span> <span class='ocrx_word' id='word_1_150' title='bbox 263 1830 311 1882; x_wconf 90' lang='lat' dir='ltr'><strong>aut</strong></span> <span class='ocrx_word' id='word_1_151' title='bbox 325 1839 430 1882; x_wconf 89' lang='lat' dir='ltr'><strong>novem</strong></span> <span class='ocrx_word' id='word_1_152' title='bbox 445 1830 493 1882; x_wconf 91' lang='lat' dir='ltr'><strong>aut</strong></span> <span class='ocrx_word' id='word_1_153' title='bbox 508 1840 561 1881; x_wconf 85' lang='lat' dir='ltr'><strong>sex</strong></span> <span class='ocrx_word' id='word_1_154' title='bbox 576 1831 623 1881; x_wconf 91' lang='lat' dir='ltr'><strong>aut</strong></span> <span class='ocrx_word' id='word_1_155' title='bbox 639 1831 773 1899; x_wconf 89' lang='lat' dir='ltr'><strong>quattuor</strong></span> <span class='ocrx_word' id='word_1_156' title='bbox 789 1831 836 1883; x_wconf 90' lang='lat' dir='ltr'><strong>aut</strong></span> <span class='ocrx_word' id='word_1_157' title='bbox 856 1824 949 1882; x_wconf 89' lang='lat' dir='ltr'><strong>tribus</strong></span> <span class='ocrx_word' id='word_1_158' title='bbox 963 1825 1067 1883; x_wconf 92' lang='lat' dir='ltr'><strong>mensi-</strong></span> 
     </span>
     <span class='ocr_line' id='line_1_20' title="bbox 10 1904 1067 1985; baseline -0.004 -16"><span class='ocrx_word' id='word_1_159' title='bbox 10 1918 13 1923; x_wconf 87' lang='lat'>&#39;</span> <span class='ocrx_word' id='word_1_160' title='bbox 60 1908 131 1985; x_wconf 94' lang='lat' dir='ltr'><strong>bus,</strong></span> <span class='ocrx_word' id='word_1_161' title='bbox 152 1904 308 1967; x_wconf 88' lang='lat' dir='ltr'><strong>secundum</strong></span> <span class='ocrx_word' id='word_1_162' title='bbox 329 1921 401 1965; x_wconf 88' lang='lat' dir='ltr'><strong>vero</strong></span> <span class='ocrx_word' id='word_1_163' title='bbox 423 1907 602 1983; x_wconf 90' lang='lat' dir='ltr'><strong>paucissimis</strong></span> <span class='ocrx_word' id='word_1_164' title='bbox 629 1906 719 1964; x_wconf 89' lang='lat' dir='ltr'><strong>horis.</strong></span> <span class='ocrx_word' id='word_1_165' title='bbox 763 1906 835 1966; x_wconf 91' lang='lat' dir='ltr'><strong>Nam</strong></span> <span class='ocrx_word' id='word_1_166' title='bbox 858 1906 904 1966; x_wconf 92' lang='lat' dir='ltr'><strong>die</strong></span> <span class='ocrx_word' id='word_1_167' title='bbox 919 1907 984 1967; x_wconf 86' lang='lat' dir='ltr'><strong>Kal.</strong></span> <span class='ocrx_word' id='word_1_168' title='bbox 1007 1907 1067 1967; x_wconf 93' lang='lat' dir='ltr'><strong>lan.</strong></span> 
     </span>
     <span class='ocr_line' id='line_1_21' title="bbox 10 1928 1069 2079; baseline -0.004 -26"><span class='ocrx_word' id='word_1_169' title='bbox 10 1928 127 2079; x_wconf 35' lang='lat' dir='ltr'><strong>*ocum</strong></span> <span class='ocrx_word' id='word_1_170' title='bbox 151 2008 236 2050; x_wconf 90' lang='lat' dir='ltr'><strong>mane</strong></span> <span class='ocrx_word' id='word_1_171' title='bbox 260 2007 314 2068; x_wconf 93' lang='lat' dir='ltr'><strong>pro</strong></span> <span class='ocrx_word' id='word_1_172' title='bbox 341 1988 414 2050; x_wconf 89' lang='lat' dir='ltr'><strong>aede</strong></span> <span class='ocrx_word' id='word_1_173' title='bbox 435 1988 589 2067; x_wconf 78' lang='lat' dir='ltr'><strong>Capitolini</strong></span> <span class='ocrx_word' id='word_1_174' title='bbox 614 1988 693 2048; x_wconf 92' lang='lat' dir='ltr'><strong>lovis</strong></span> <span class='ocrx_word' id='word_1_175' title='bbox 714 1990 859 2068; x_wconf 91' lang='lat' dir='ltr'><strong>paululum</strong></span> <span class='ocrx_word' id='word_1_176' title='bbox 883 1990 973 2050; x_wconf 93' lang='lat' dir='ltr'><strong>curuli</strong></span> <span class='ocrx_word' id='word_1_177' title='bbox 996 1990 1069 2049; x_wconf 89' lang='lat' dir='ltr'><strong>sella</strong></span> 
     </span>
     <span class='ocr_line' id='line_1_22' title="bbox 10 2072 1068 2163; baseline -0.005 -26"><span class='ocrx_word' id='word_1_178' title='bbox 10 2135 38 2163; x_wconf 47' lang='grc'><strong>1,</strong></span> <span class='ocrx_word' id='word_1_179' title='bbox 60 2073 276 2156; x_wconf 85' lang='lat' dir='ltr'><strong>praesedisset,</strong></span> <span class='ocrx_word' id='word_1_180' title='bbox 298 2073 411 2133; x_wconf 91' lang='lat' dir='ltr'><strong>honore</strong></span> <span class='ocrx_word' id='word_1_181' title='bbox 429 2072 498 2133; x_wconf 93' lang='lat' dir='ltr'><strong>abiit</strong></span> <span class='ocrx_word' id='word_1_182' title='bbox 513 2073 636 2134; x_wconf 78' lang='lat' dir='ltr'><strong>suffecto</strong></span> <span class='ocrx_word' id='word_1_183' title='bbox 658 2073 714 2132; x_wconf 94' lang='lat' dir='ltr'><strong>alio</strong></span> <span class='ocrx_word' id='word_1_184' title='bbox 730 2075 758 2131; x_wconf 96' lang='lat' dir='ltr'><strong>in</strong></span> <span class='ocrx_word' id='word_1_185' title='bbox 773 2073 869 2133; x_wconf 89' lang='lat' dir='ltr'><strong>locum</strong></span> <span class='ocrx_word' id='word_1_186' title='bbox 886 2091 976 2133; x_wconf 92' lang='lat' dir='ltr'><strong>suum.</strong></span> <span class='ocrx_word' id='word_1_187' title='bbox 1005 2073 1068 2132; x_wconf 91' lang='lat' dir='ltr'><strong>Nec</strong></span> 
     </span>
     <span class='ocr_line' id='line_1_23' title="bbox 60 2155 1069 2235; baseline -0.005 -15"><span class='ocrx_word' id='word_1_188' title='bbox 60 2177 162 2221; x_wconf 89' lang='lat' dir='ltr'><strong>omnes</strong></span> <span class='ocrx_word' id='word_1_189' title='bbox 176 2159 304 2235; x_wconf 87' lang='lat' dir='ltr'><strong>Romae,</strong></span> <span class='ocrx_word' id='word_1_190' title='bbox 321 2156 374 2217; x_wconf 90' lang='lat' dir='ltr'><strong>sed</strong></span> <span class='ocrx_word' id='word_1_191' title='bbox 391 2165 520 2235; x_wconf 90' lang='lat' dir='ltr'><strong>quartum</strong></span> <span class='ocrx_word' id='word_1_192' title='bbox 536 2156 716 2216; x_wconf 90' lang='lat' dir='ltr'><strong>consulatum</strong></span> <span class='ocrx_word' id='word_1_193' title='bbox 733 2158 761 2214; x_wconf 96' lang='lat' dir='ltr'><strong>in</strong></span> <span class='ocrx_word' id='word_1_194' title='bbox 778 2155 866 2234; x_wconf 82' lang='lat' dir='ltr'><strong>Asia,</strong></span> <span class='ocrx_word' id='word_1_195' title='bbox 892 2158 1020 2235; x_wconf 93' lang='lat' dir='ltr'><strong>quintum</strong></span> <span class='ocrx_word' id='word_1_196' title='bbox 1039 2158 1069 2215; x_wconf 92' lang='lat' dir='ltr'><strong>in</strong></span> 
     </span>
     <span class='ocr_line' id='line_1_24' title="bbox 15 2238 855 2325; baseline -0.006 -21"><span class='ocrx_word' id='word_1_197' title='bbox 15 2272 42 2325; x_wconf 61' lang='lat'><strong>3,</strong></span> <span class='ocrx_word' id='word_1_198' title='bbox 59 2243 154 2306; x_wconf 92' lang='lat' dir='ltr'><strong>insula</strong></span> <span class='ocrx_word' id='word_1_199' title='bbox 172 2242 275 2319; x_wconf 89' lang='lat' dir='ltr'><strong>Samo,</strong></span> <span class='ocrx_word' id='word_1_200' title='bbox 293 2250 432 2302; x_wconf 83' lang='lat' dir='ltr'><strong>octavum.</strong></span> <span class='ocrx_word' id='word_1_201' title='bbox 445 2250 475 2300; x_wconf 91' lang='lat' dir='ltr'><strong>et</strong></span> <span class='ocrx_word' id='word_1_202' title='bbox 492 2258 597 2300; x_wconf 93' lang='lat' dir='ltr'><strong>nonum</strong></span> <span class='ocrx_word' id='word_1_203' title='bbox 613 2238 779 2299; x_wconf 81' lang='lat' dir='ltr'><strong>Tarracone</strong></span> <span class='ocrx_word' id='word_1_204' title='bbox 795 2241 855 2299; x_wconf 93' lang='lat' dir='ltr'><strong>init.</strong></span> 
     </span>
     <span class='ocr_line' id='line_1_25' title="bbox 37 2323 1111 2403; baseline 0 -16"><span class='ocrx_word' id='word_1_205' title='bbox 37 2330 42 2375; x_wconf 92' lang='lat'><em>:</em></span> <span class='ocrx_word' id='word_1_206' title='bbox 125 2325 345 2387; x_wconf 79' lang='lat' dir='ltr'><strong>Triumuiratum</strong></span> <span class='ocrx_word' id='word_1_207' title='bbox 366 2327 408 2384; x_wconf 90' lang='lat' dir='ltr'><strong>rei</strong></span> <span class='ocrx_word' id='word_1_208' title='bbox 432 2344 460 2403; x_wconf 90' lang='lat' dir='ltr'><strong>p.</strong></span> <span class='ocrx_word' id='word_1_209' title='bbox 478 2323 696 2384; x_wconf 89' lang='lat' dir='ltr'><strong>constituendae</strong></span> <span class='ocrx_word' id='word_1_210' title='bbox 715 2342 769 2402; x_wconf 93' lang='lat' dir='ltr'><strong>per</strong></span> <span class='ocrx_word' id='word_1_211' title='bbox 784 2323 886 2384; x_wconf 90' lang='lat' dir='ltr'><strong>decem</strong></span> <span class='ocrx_word' id='word_1_212' title='bbox 908 2341 999 2384; x_wconf 88' lang='lat' dir='ltr'><strong>annos</strong></span> <span class='ocrx_word' id='word_1_213' title='bbox 1021 2324 1111 2391; x_wconf 67' lang='lat' dir='ltr'><strong>adi?</strong></span> 
     </span>
     <span class='ocr_line' id='line_1_26' title="bbox 60 2408 1067 2487; baseline -0.005 -14"><span class='ocrx_word' id='word_1_214' title='bbox 60 2410 246 2481; x_wconf 81' lang='lat' dir='ltr'><strong>ministravit3</strong></span> <span class='ocrx_word' id='word_1_215' title='bbox 276 2411 306 2468; x_wconf 94' lang='lat' dir='ltr'><strong>in</strong></span> <span class='ocrx_word' id='word_1_216' title='bbox 335 2425 392 2487; x_wconf 92' lang='lat' dir='ltr'><strong>quo</strong></span> <span class='ocrx_word' id='word_1_217' title='bbox 419 2409 524 2468; x_wconf 89' lang='lat' dir='ltr'><strong>restitit</strong></span> <span class='ocrx_word' id='word_1_218' title='bbox 550 2408 664 2487; x_wconf 93' lang='lat' dir='ltr'><strong>quidem</strong></span> <span class='ocrx_word' id='word_1_219' title='bbox 687 2408 851 2487; x_wconf 88' lang='lat' dir='ltr'><strong>aliquandiu</strong></span> <span class='ocrx_word' id='word_1_220' title='bbox 874 2408 999 2485; x_wconf 88' lang='lat' dir='ltr'><strong>collegis</strong></span> <span class='ocrx_word' id='word_1_221' title='bbox 1031 2427 1067 2468; x_wconf 92' lang='lat' dir='ltr'><strong>ne</strong></span> 
     </span>
     <span class='ocr_line' id='line_1_27' title="bbox 25 2491 1068 2579; baseline -0.003 -22"><span class='ocrx_word' id='word_1_222' title='bbox 25 2568 29 2579; x_wconf 34' lang='grc' dir='ltr'>Ι</span> <span class='ocrx_word' id='word_1_223' title='bbox 60 2514 117 2576; x_wconf 90' lang='lat' dir='ltr'><strong>qua</strong></span> <span class='ocrx_word' id='word_1_224' title='bbox 133 2495 218 2554; x_wconf 89' lang='lat' dir='ltr'><strong>lieret</strong></span> <span class='ocrx_word' id='word_1_225' title='bbox 242 2493 435 2573; x_wconf 91' lang='lat' dir='ltr'><strong>proscriptio,</strong></span> <span class='ocrx_word' id='word_1_226' title='bbox 458 2491 510 2552; x_wconf 93' lang='lat' dir='ltr'><strong>sed</strong></span> <span class='ocrx_word' id='word_1_227' title='bbox 534 2493 678 2570; x_wconf 90' lang='lat' dir='ltr'><strong>inceptam</strong></span> <span class='ocrx_word' id='word_1_228' title='bbox 693 2501 818 2571; x_wconf 90' lang='lat' dir='ltr'><strong>utroque</strong></span> <span class='ocrx_word' id='word_1_229' title='bbox 834 2492 968 2554; x_wconf 89' lang='lat' dir='ltr'><strong>acerbius</strong></span> <span class='ocrx_word' id='word_1_230' title='bbox 984 2512 1068 2554; x_wconf 86' lang='lat' dir='ltr'><strong>exer·</strong></span> 
     </span>
     <span class='ocr_line' id='line_1_28' title="bbox 61 2576 1068 2657; baseline -0.002 -18"><span class='ocrx_word' id='word_1_231' title='bbox 61 2580 129 2640; x_wconf 93' lang='lat' dir='ltr'><strong>cuit.</strong></span> <span class='ocrx_word' id='word_1_232' title='bbox 165 2577 297 2657; x_wconf 87' lang='lat' dir='ltr'><strong>Namque</strong></span> <span class='ocrx_word' id='word_1_233' title='bbox 314 2577 372 2636; x_wconf 88' lang='lat' dir='ltr'><strong>illis</strong></span> <span class='ocrx_word' id='word_1_234' title='bbox 388 2578 417 2636; x_wconf 92' lang='lat' dir='ltr'><strong>in</strong></span> <span class='ocrx_word' id='word_1_235' title='bbox 430 2576 582 2636; x_wconf 92' lang='lat' dir='ltr'><strong>multorum</strong></span> <span class='ocrx_word' id='word_1_236' title='bbox 600 2594 692 2655; x_wconf 89' lang='lat' dir='ltr'><strong>saepe</strong></span> <span class='ocrx_word' id='word_1_237' title='bbox 705 2594 861 2655; x_wconf 89' lang='lat' dir='ltr'><strong>personam</strong></span> <span class='ocrx_word' id='word_1_238' title='bbox 876 2596 930 2656; x_wconf 93' lang='lat' dir='ltr'><strong>per</strong></span> <span class='ocrx_word' id='word_1_239' title='bbox 946 2579 1068 2655; x_wconf 88' lang='lat' dir='ltr'><strong>gratiam</strong></span> 
     </span>
     <span class='ocr_line' id='line_1_29' title="bbox 60 2660 1068 2743; baseline -0.005 -19"><span class='ocrx_word' id='word_1_240' title='bbox 60 2672 89 2725; x_wconf 88' lang='lat' dir='ltr'><strong>et</strong></span> <span class='ocrx_word' id='word_1_241' title='bbox 109 2680 218 2743; x_wconf 90' lang='lat' dir='ltr'><strong>preces</strong></span> <span class='ocrx_word' id='word_1_242' title='bbox 240 2660 456 2737; x_wconf 84' lang='lat' dir='ltr'><strong>exorabilibus,</strong></span> <span class='ocrx_word' id='word_1_243' title='bbox 489 2661 570 2720; x_wconf 94' lang='lat' dir='ltr'><strong>solus</strong></span> <span class='ocrx_word' id='word_1_244' title='bbox 591 2677 771 2739; x_wconf 89' lang='lat' dir='ltr'><strong>magnopere</strong></span> <span class='ocrx_word' id='word_1_245' title='bbox 796 2661 942 2721; x_wconf 89' lang='lat' dir='ltr'><strong>contendit</strong></span> <span class='ocrx_word' id='word_1_246' title='bbox 963 2680 999 2719; x_wconf 92' lang='lat' dir='ltr'><strong>ne</strong></span> <span class='ocrx_word' id='word_1_247' title='bbox 1023 2662 1068 2721; x_wconf 92' lang='lat' dir='ltr'><strong>cui</strong></span> 
     </span>
     <span class='ocr_line' id='line_1_30' title="bbox 19 2730 1067 2826; baseline -0.005 -19"><span class='ocrx_word' id='word_1_248' title='bbox 19 2730 42 2764; x_wconf 73' lang='lat'><strong><em>⁹</em></strong></span> <span class='ocrx_word' id='word_1_249' title='bbox 62 2754 252 2826; x_wconf 89' lang='lat' dir='ltr'><strong>parceretur,</strong></span> <span class='ocrx_word' id='word_1_250' title='bbox 269 2745 502 2826; x_wconf 91' lang='lat' dir='ltr'><strong>proscripsitque</strong></span> <span class='ocrx_word' id='word_1_251' title='bbox 518 2746 603 2804; x_wconf 90' lang='lat' dir='ltr'><strong>etiam</strong></span> <span class='ocrx_word' id='word_1_252' title='bbox 617 2743 649 2804; x_wconf 84' lang='lat' dir='ltr'><strong>C.</strong></span> <span class='ocrx_word' id='word_1_253' title='bbox 667 2745 823 2805; x_wconf 86' lang='lat' dir='ltr'><strong>Toranium</strong></span> <span class='ocrx_word' id='word_1_254' title='bbox 837 2755 961 2806; x_wconf 91' lang='lat' dir='ltr'><strong>tutorem</strong></span> <span class='ocrx_word' id='word_1_255' title='bbox 975 2762 1067 2820; x_wconf 91' lang='lat' dir='ltr'><strong>suurn,</strong></span> 
     </span>
     <span class='ocr_line' id='line_1_31' title="bbox 10 2821 1067 2945; baseline -0.005 -54"><span class='ocrx_word' id='word_1_256' title='bbox 10 2821 184 2945; x_wconf 67' lang='lat' dir='ltr'><strong>*pecudem</strong></span> <span class='ocrx_word' id='word_1_257' title='bbox 205 2830 351 2908; x_wconf 87' lang='lat' dir='ltr'><strong>collegam</strong></span> <span class='ocrx_word' id='word_1_258' title='bbox 365 2829 456 2908; x_wconf 91' lang='lat' dir='ltr'><strong>patris</strong></span> <span class='ocrx_word' id='word_1_259' title='bbox 479 2831 521 2888; x_wconf 91' lang='lat' dir='ltr'><strong>sui</strong></span> <span class='ocrx_word' id='word_1_260' title='bbox 538 2829 639 2889; x_wconf 88' lang='lat' dir='ltr'><strong>Octavi</strong></span> <span class='ocrx_word' id='word_1_261' title='bbox 662 2829 691 2887; x_wconf 93' lang='lat' dir='ltr'><strong>in</strong></span> <span class='ocrx_word' id='word_1_262' title='bbox 707 2829 863 2889; x_wconf 91' lang='lat' dir='ltr'><strong>aedilitate.</strong></span> <span class='ocrx_word' id='word_1_263' title='bbox 903 2828 1000 2888; x_wconf 93' lang='lat' dir='ltr'><strong>lunius</strong></span> <span class='ocrx_word' id='word_1_264' title='bbox 1016 2828 1067 2887; x_wconf 90' lang='lat' dir='ltr'><strong>Sa·</strong></span> 
     </span>
     <span class='ocr_line' id='line_1_32' title="bbox 61 2910 1120 2992; baseline -0.005 -17"><span class='ocrx_word' id='word_1_265' title='bbox 61 2916 191 2975; x_wconf 88' lang='lat' dir='ltr'><strong>turninus</strong></span> <span class='ocrx_word' id='word_1_266' title='bbox 211 2913 268 2975; x_wconf 92' lang='lat' dir='ltr'><strong>hoc</strong></span> <span class='ocrx_word' id='word_1_267' title='bbox 291 2913 413 2992; x_wconf 89' lang='lat' dir='ltr'><strong>amplius</strong></span> <span class='ocrx_word' id='word_1_268' title='bbox 439 2912 539 2990; x_wconf 89' lang='lat' dir='ltr'><strong>tradit,</strong></span> <span class='ocrx_word' id='word_1_269' title='bbox 562 2931 625 2972; x_wconf 91' lang='lat' dir='ltr'><strong>cum</strong></span> <span class='ocrx_word' id='word_1_270' title='bbox 647 2923 766 2991; x_wconf 90' lang='lat' dir='ltr'><strong>peracta</strong></span> <span class='ocrx_word' id='word_1_271' title='bbox 789 2913 1005 2992; x_wconf 91' lang='lat' dir='ltr'><strong>proscriptione</strong></span> <span class='ocrx_word' id='word_1_272' title='bbox 1027 2910 1066 2971; x_wconf 87' lang='grc' dir='ltr'><strong>Μ.</strong></span> <span class='ocrx_word' id='word_1_273' title='bbox 1118 2919 1120 2924; x_wconf 85' lang='grc'><strong>’</strong></span> 
     </span>
     <span class='ocr_line' id='line_1_33' title="bbox 60 2995 1066 3078; baseline -0.007 -18"><span class='ocrx_word' id='word_1_274' title='bbox 60 2998 186 3078; x_wconf 87' lang='lat' dir='ltr'><strong>Lepidus</strong></span> <span class='ocrx_word' id='word_1_275' title='bbox 207 2999 237 3058; x_wconf 96' lang='lat' dir='ltr'><strong>in</strong></span> <span class='ocrx_word' id='word_1_276' title='bbox 259 3006 361 3059; x_wconf 90' lang='lat' dir='ltr'><strong>senatu</strong></span> <span class='ocrx_word' id='word_1_277' title='bbox 384 3006 554 3057; x_wconf 86' lang='lat' dir='ltr'><strong>excusasset</strong></span> <span class='ocrx_word' id='word_1_278' title='bbox 572 2997 729 3075; x_wconf 89' lang='lat' dir='ltr'><strong>praeterita</strong></span> <span class='ocrx_word' id='word_1_279' title='bbox 752 3005 781 3056; x_wconf 92' lang='lat' dir='ltr'><strong>et</strong></span> <span class='ocrx_word' id='word_1_280' title='bbox 797 3015 880 3076; x_wconf 92' lang='lat' dir='ltr'><strong>spem</strong></span> <span class='ocrx_word' id='word_1_281' title='bbox 897 2995 1066 3055; x_wconf 91' lang='lat' dir='ltr'><strong>clementiae</strong></span> 
     </span>
     <span class='ocr_line' id='line_1_34' title="bbox 59 3082 1066 3164; baseline -0.006 -22"><span class='ocrx_word' id='word_1_282' title='bbox 59 3084 87 3142; x_wconf 91' lang='lat' dir='ltr'><strong>ln</strong></span> <span class='ocrx_word' id='word_1_283' title='bbox 110 3092 262 3164; x_wconf 89' lang='lat' dir='ltr'><strong>posterum</strong></span> <span class='ocrx_word' id='word_1_284' title='bbox 283 3083 421 3159; x_wconf 89' lang='lat' dir='ltr'><strong>iecisset,</strong></span> <span class='ocrx_word' id='word_1_285' title='bbox 448 3083 581 3160; x_wconf 92' lang='lat' dir='ltr'><strong>quoniam</strong></span> <span class='ocrx_word' id='word_1_286' title='bbox 602 3082 671 3140; x_wconf 88' lang='lat' dir='ltr'><strong>satis</strong></span> <span class='ocrx_word' id='word_1_287' title='bbox 691 3098 850 3156; x_wconf 88' lang='lat' dir='ltr'><strong>poenarum</strong></span> <span class='ocrx_word' id='word_1_288' title='bbox 873 3088 1005 3138; x_wconf 84' lang='lat' dir='ltr'><strong>exactum</strong></span> <span class='ocrx_word' id='word_1_289' title='bbox 1022 3095 1066 3137; x_wconf 92' lang='lat' dir='ltr'><strong>es-</strong></span> 
     </span>
     <span class='ocr_line' id='line_1_35' title="bbox 28 3161 1069 3245; baseline -0.007 -18"><span class='ocrx_word' id='word_1_290' title='bbox 28 3166 31 3181; x_wconf 69' lang='lat'><em>*</em></span> <span class='ocrx_word' id='word_1_291' title='bbox 60 3176 121 3245; x_wconf 87' lang='lat' dir='ltr'><strong>set,</strong></span> <span class='ocrx_word' id='word_1_292' title='bbox 137 3167 215 3227; x_wconf 92' lang='lat' dir='ltr'><strong>bunc</strong></span> <span class='ocrx_word' id='word_1_293' title='bbox 230 3186 246 3228; x_wconf 91' lang='lat' dir='ltr'><strong>e</strong></span> <span class='ocrx_word' id='word_1_294' title='bbox 262 3167 378 3228; x_wconf 78' lang='lat' dir='ltr'><strong>diverso</strong></span> <span class='ocrx_word' id='word_1_295' title='bbox 395 3167 577 3244; x_wconf 86' lang='lat' dir='ltr'><strong>professum,</strong></span> <span class='ocrx_word' id='word_1_296' title='bbox 601 3165 647 3224; x_wconf 85' lang='lat' dir='ltr'><strong>ito</strong></span> <span class='ocrx_word' id='word_1_297' title='bbox 661 3164 784 3223; x_wconf 85' lang='lat' dir='ltr'><strong>modom</strong></span> <span class='ocrx_word' id='word_1_298' title='bbox 800 3182 834 3224; x_wconf 84' lang='lat' dir='ltr'><strong>se</strong></span> <span class='ocrx_word' id='word_1_299' title='bbox 847 3161 1069 3242; x_wconf 82' lang='lat' dir='ltr'><strong>proscribendi</strong></span> 
     </span>
     <span class='ocr_line' id='line_1_36' title="bbox 10 3234 1067 3365; baseline -0.008 -53"><span class='ocrx_word' id='word_1_300' title='bbox 10 3234 225 3365; x_wconf 51' lang='lat' dir='ltr'><strong>peternesse,</strong></span> <span class='ocrx_word' id='word_1_301' title='bbox 245 3257 281 3312; x_wconf 79' lang='lat' dir='ltr'><strong>et</strong></span> <span class='ocrx_word' id='word_1_302' title='bbox 301 3249 404 3312; x_wconf 83' lang='lat' dir='ltr'><strong>omnia</strong></span> <span class='ocrx_word' id='word_1_303' title='bbox 425 3249 487 3310; x_wconf 80' lang='lat' dir='ltr'><strong>sibi</strong></span> <span class='ocrx_word' id='word_1_304' title='bbox 501 3248 660 3327; x_wconf 82' lang='lat' dir='ltr'><strong>reliquerit</strong></span> <span class='ocrx_word' id='word_1_305' title='bbox 676 3247 784 3307; x_wconf 87' lang='lat' dir='ltr'><strong>libero.</strong></span> <span class='ocrx_word' id='word_1_306' title='bbox 824 3248 856 3307; x_wconf 91' lang='lat' dir='ltr'><strong>ln</strong></span> <span class='ocrx_word' id='word_1_307' title='bbox 873 3248 953 3305; x_wconf 90' lang='lat' dir='ltr'><strong>cuius</strong></span> <span class='ocrx_word' id='word_1_308' title='bbox 972 3255 1067 3305; x_wconf 91' lang='lat' dir='ltr'><strong>tamen</strong></span> 
     </span>
     <span class='ocr_line' id='line_1_37' title="bbox 61 3330 1065 3415; baseline -0.007 -19"><span class='ocrx_word' id='word_1_309' title='bbox 61 3336 241 3415; x_wconf 89' lang='lat' dir='ltr'><strong>pertinaciae</strong></span> <span class='ocrx_word' id='word_1_310' title='bbox 264 3335 468 3414; x_wconf 88' lang='lat' dir='ltr'><strong>paenitentiam</strong></span> <span class='ocrx_word' id='word_1_311' title='bbox 489 3342 592 3412; x_wconf 89' lang='lat' dir='ltr'><strong>postea</strong></span> <span class='ocrx_word' id='word_1_312' title='bbox 614 3331 646 3391; x_wconf 95' lang='lat' dir='ltr'><strong>T.</strong></span> <span class='ocrx_word' id='word_1_313' title='bbox 668 3332 783 3391; x_wconf 89' lang='lat' dir='ltr'><strong>Vinium</strong></span> <span class='ocrx_word' id='word_1_314' title='bbox 798 3330 1065 3407; x_wconf 90' lang='lat' dir='ltr'><strong>Philopoemenem,</strong></span> 
     </span>
     <span class='ocr_line' id='line_1_38' title="bbox 31 3413 1066 3500; baseline -0.007 -20"><span class='ocrx_word' id='word_1_315' title='bbox 31 3419 141 3499; x_wconf 70' lang='lat' dir='ltr'><strong>,qnod</strong></span> <span class='ocrx_word' id='word_1_316' title='bbox 163 3428 316 3500; x_wconf 86' lang='lat' dir='ltr'><strong>patronum</strong></span> <span class='ocrx_word' id='word_1_317' title='bbox 342 3437 422 3478; x_wconf 92' lang='lat' dir='ltr'><strong>snum</strong></span> <span class='ocrx_word' id='word_1_318' title='bbox 449 3418 646 3495; x_wconf 92' lang='lat' dir='ltr'><strong>proscriptum</strong></span> <span class='ocrx_word' id='word_1_319' title='bbox 676 3415 790 3474; x_wconf 89' lang='lat' dir='ltr'><strong>celasse</strong></span> <span class='ocrx_word' id='word_1_320' title='bbox 818 3415 885 3474; x_wconf 93' lang='lat' dir='ltr'><strong>olim</strong></span> <span class='ocrx_word' id='word_1_321' title='bbox 911 3413 1066 3490; x_wconf 90' lang='lat' dir='ltr'><strong>diceretur,</strong></span> 
     </span>
     <span class='ocr_line' id='line_1_39' title="bbox 62 3496 1066 3584; baseline -0.008 -20"><span class='ocrx_word' id='word_1_322' title='bbox 62 3504 194 3584; x_wconf 80' lang='lat' dir='ltr'><strong>equestri</strong></span> <span class='ocrx_word' id='word_1_323' title='bbox 216 3503 356 3583; x_wconf 82' lang='lat' dir='ltr'><strong>dignitate</strong></span> <span class='ocrx_word' id='word_1_324' title='bbox 376 3502 539 3562; x_wconf 90' lang='lat' dir='ltr'><strong>honoravit.</strong></span> <span class='ocrx_word' id='word_1_325' title='bbox 579 3500 612 3561; x_wconf 94' lang='lat' dir='ltr'><strong>ln</strong></span> <span class='ocrx_word' id='word_1_326' title='bbox 636 3497 737 3559; x_wconf 86' lang='lat' dir='ltr'><strong>eadem</strong></span> <span class='ocrx_word' id='word_1_327' title='bbox 761 3498 816 3560; x_wconf 90' lang='lat' dir='ltr'><strong>bac</strong></span> <span class='ocrx_word' id='word_1_328' title='bbox 835 3507 981 3579; x_wconf 91' lang='lat' dir='ltr'><strong>potestate</strong></span> <span class='ocrx_word' id='word_1_329' title='bbox 996 3496 1066 3558; x_wconf 90' lang='lat' dir='ltr'><strong>mul-</strong></span> 
     </span>
    </p>
   </div>
   <div class='ocr_carea' id='block_1_3' title="bbox 103 3584 858 3651">
    <p class='ocr_par' dir='ltr' id='par_1_3' title="bbox 103 3584 858 3651">
     <span class='ocr_line' id='line_1_40' title="bbox 103 3584 858 3651; baseline -0.009 -1"><span class='ocrx_word' id='word_1_330' title='bbox 103 3607 259 3651; x_wconf 81' lang='lat' dir='ltr'><strong>sunrotuus.</strong></span> <span class='ocrx_word' id='word_1_331' title='bbox 839 3584 858 3643; x_wconf 87' lang='grc'><strong>4</strong></span> 
     </span>
    </p>
   </div>
   <div class='ocr_carea' id='block_1_4' title="bbox 0 0 1148 3944">
    <p class='ocr_par' dir='ltr' id='par_1_4' title="bbox 0 0 1148 3944">
     <span class='ocr_line' id='line_1_41' title="bbox 0 0 1148 3944; baseline 0 0"><span class='ocrx_word' id='word_1_332' title='bbox 0 0 1148 3944; x_wconf 95' lang='lat' dir='ltr'><strong> </strong></span> 
     </span>
    </p>
   </div>
  </div>
 </body>
</html>
