2286 3944
38 193 80 256 90
124 203 154 252 c.
170 202 320 252 sonnoru
334 204 461 264 annuo.
477 205 525 251 ns
538 205 621 252 vrrs
636 203 901 252 cinamomum.
915 205 968 253 111.

39 377 107 421 mox
121 357 253 434 dissedit,
276 368 306 418 et
321 359 465 438 aliquanto
480 361 615 436 grauius,
637 367 668 417 ut
687 359 773 418 etiam
793 367 941 437 perpetuo
962 378 1021 420 secr

39 444 139 520 beret,
155 445 318 521 intercepto
335 443 490 502 communis
509 442 548 502 iili
564 445 704 521 pignore,
727 443 774 521 qui
788 441 945 520 Aquileiae
961 452 1021 504 natu

38 527 131 588 inians
154 528 297 586 extinctus
324 535 378 586 est.
421 525 544 586 Drusum
567 526 685 585 fratrem
709 527 738 584 in
762 524 916 587 Germania
941 529 1020 587 amisi

40 612 118 671 cuius
135 627 257 689 corpus,
280 609 402 689 pedibus
417 618 478 669 toto
493 612 595 670 itinere
611 606 838 688 praegrediens,
858 610 983 670 Romam
998 631 1021 670 m

40 713 96 773 que
112 694 257 773 pervexit.

10 799 30 853 g
102 777 235 840 Ciuilium
253 777 412 838 olhciornm
432 776 597 836 rudimentis
613 793 714 853 regem
729 775 908 837 Archelaum
926 777 1021 837 Tralli:

41 883 95 926 nos
109 872 139 935 et
153 861 328 938 Thessalos,
350 863 429 921 varia
446 877 575 939 quosque
596 859 632 919 de
650 877 752 938 causa,
774 859 910 937 Augusto
937 879 1021 937 cogn(

42 956 143 1010 scente
156 945 297 1014 delendit;
315 962 368 1024 pro
380 943 549 1004 Laodicenis
561 943 742 1018 Thyatirenis
755 942 843 1022 Chiis,
856 953 1021 1004 terraemot

43 1033 156 1093 aidiotis
167 1045 311 1108 opemque
325 1026 552 1106 implorantibus,
565 1036 693 1087 senatum
707 1027 881 1106 deprecatus
895 1037 958 1098 est;
973 1028 1021 1089 Far

41 1120 118 1177 nium
129 1113 317 1192 Caepionem,
333 1113 380 1190 qui
394 1129 456 1171 cum
471 1112 605 1171 Varrone
619 1110 738 1172 Murena
752 1113 780 1170 in
793 1110 961 1188 Augustum
976 1130 1021 1172 cor

43 1201 221 1279 spiraverat,
241 1213 321 1254 reum
337 1195 494 1254 maiestatis
514 1195 589 1274 apud
607 1194 718 1254 iudices
737 1195 808 1255 iecit
826 1203 856 1254 et
869 1195 1021 1256 condemn:

41 1286 92 1344 uit.
125 1282 261 1359 lnterqne
284 1278 358 1337 haec
378 1278 527 1357 duplicem
544 1297 641 1338 curam
664 1278 883 1356 administravit,
914 1299 1021 1341 annona

42 1384 115 1446 quae
130 1365 218 1424 artior
233 1361 388 1439 inciderat,
404 1371 434 1421 et
448 1362 697 1440 repurgandorum
711 1371 772 1423 tota
786 1362 868 1422 ltalia
881 1364 1021 1440 ergastuli

40 1467 112 1525 rum,
128 1463 248 1525 quorum
263 1445 368 1505 domini
381 1448 410 1505 in
424 1445 557 1505 invidiam
571 1455 711 1507 uenerant
726 1448 806 1525 quasi
822 1457 970 1526 exceptos
981 1466 1021 1526 sup

41 1534 215 1613 primerent,
240 1547 297 1589 non
310 1529 403 1590 solum
416 1531 543 1590 viatores
558 1530 611 1590 sed
630 1539 660 1590 et
675 1547 747 1609 quos
763 1533 938 1590 sacramenti
954 1541 1021 1590 metu

41 1616 77 1676 ad
92 1616 153 1676 eius
168 1613 245 1673 modi
261 1613 387 1674 latebras
405 1613 601 1692 compulisset.

13 1713 32 1769 9
105 1697 253 1776 Stipendia
269 1699 360 1776 prima
380 1697 565 1777 expeditione
586 1696 758 1759 Cantabrica
776 1698 908 1758 tribunus
928 1700 1021 1758 militu

41 1785 125 1860 iecit,
146 1781 212 1841 dein
227 1781 313 1841 ducto
327 1780 363 1840 ad
381 1781 527 1841 Orientem
542 1784 672 1841 exercitu
689 1800 810 1859 regnum
824 1781 985 1842 Armeniae
1002 1783 1021 1842 T

42 1869 124 1946 grani
139 1868 264 1926 restituit
279 1883 313 1925 co
328 1884 382 1944 pro
396 1864 528 1925 tribunali
543 1864 672 1925 diadema
686 1867 830 1944 imposuit.
873 1867 1005 1945 Recepit
1018 1893 1021 1919 ‹

43 1955 142 2030 signa,
159 1969 233 2028 quae
247 1949 285 2010 ll.
301 1946 408 2010 Grasso
423 1949 589 2009 ademerant
602 1949 708 2009 Parthi.
737 1950 807 2009 Post
822 1949 879 2009 hoc
897 1949 1018 2010 Comata

43 2036 164 2099 Galliam
178 2053 252 2095 anno
267 2033 331 2093 iere
344 2036 435 2110 rexit,
452 2041 482 2093 et
497 2032 682 2093 barbarorum
697 2033 909 2094 incursionibus
927 2043 957 2093 et
969 2036 1021 2112 prin

44 2123 139 2199 cipum
165 2117 310 2179 discordia
334 2120 495 2198 inquietam.
538 2118 613 2177 Exin
634 2117 783 2178 Raeticum
802 2116 1021 2196 Vindelicumqu

43 2204 165 2282 bellum,
181 2203 247 2263 inde
262 2203 466 2278 Pannonicum,
482 2201 548 2261 inde
565 2201 760 2262 Germanicum
773 2202 876 2278 gessit.
921 2201 1021 2261 Raetic

44 2297 130 2368 atque
146 2287 298 2348 Vindelico
313 2288 409 2362 gentis
419 2285 550 2363 Alpinas,
562 2285 727 2345 Pannonico
743 2283 871 2344 Breucos
886 2293 917 2343 et
931 2284 1021 2344 Dalm:

43 2381 88 2433 tas
104 2370 235 2446 subegit,
259 2369 429 2429 Germanico
445 2368 633 2446 quadraginta
649 2367 942 2430 miliadediticiorum
959 2371 1021 2428 trah

43 2456 81 2512 cit
100 2456 127 2511 in
143 2452 262 2513 Galliam
276 2453 411 2529 iuxtaque
426 2453 518 2529 ripam
530 2451 624 2510 Rheni
641 2450 756 2512 sedibus
771 2450 930 2528 adsignatis
946 2452 1021 2511 conh

43 2537 127 2596 cavit.
172 2535 249 2609 Quas
272 2533 310 2593 ob
332 2552 380 2592 res
400 2543 429 2592 et
450 2551 541 2594 ouans
559 2543 589 2593 et
604 2554 688 2595 curru
706 2535 805 2594 urbem
820 2536 973 2612 ingressus
991 2554 1021 2595 es

42 2621 133 2700 prius,
149 2627 179 2678 ut
195 2616 308 2696 quidam
322 2625 432 2694 putant,
451 2617 668 2696 triumphalibus
684 2620 859 2679 ornamentis
873 2617 1019 2679 honoratu

42 2721 119 2764 novo
133 2720 188 2762 nec
204 2709 287 2760 antea
302 2702 433 2778 cuiquam
448 2700 554 2761 tributo
570 2719 681 2778 genere
696 2702 824 2762 honoris.

105 2786 289 2863 Magistratus
304 2792 333 2842 et
345 2785 480 2844 maturius
494 2784 641 2846 inchoavit
658 2795 687 2846 et
701 2803 796 2864 paene
810 2787 927 2845 iunctim
940 2806 1021 2864 percu

45 2873 148 2947 currit,
170 2876 367 2947 quaesturam,
389 2877 568 2946 praeturam,
592 2869 784 2939 consulatum
812 2871 1021 2949 interpositoqt

43 2965 174 3034 tempore
192 2951 292 3012 consul
313 2953 416 3012 iterum
433 2954 517 3012 etiam
538 2952 715 3014 tribuniciam
733 2962 906 3033 potestatem
922 2956 951 3012 in
966 2956 1021 3032 quir

0 3037 193 3118 uoqusnnium
215 3038 340 3114 accepit.
385 3036 440 3096 Tot
454 3039 604 3116 prosperis
621 3037 846 3114 confluentibus,
864 3038 982 3114 integra
1000 3056 1021 3096 at

43 3131 102 3182 tate
127 3138 161 3179 ac
187 3119 343 3180 valitudine
367 3123 463 3181 statuit
488 3131 610 3200 repente
635 3121 776 3182 secedere
794 3138 884 3199 seque
906 3139 924 3180 e
948 3121 1021 3181 medi

43 3221 126 3283 quam
146 3204 315 3282 longissime
336 3223 487 3265 amovere:
513 3204 642 3283 dubium,
664 3207 801 3266 uxorisne
821 3203 934 3281 taedio,
958 3223 1021 3283 quau

41 3304 137 3365 neque
162 3291 305 3348 criminari
323 3298 371 3349 aut
393 3289 534 3349 dimittere
557 3290 675 3350 auderet
694 3307 788 3368 neque
811 3288 885 3348 ultra
906 3289 1021 3365 perierr

41 3379 158 3451 posset,
179 3392 215 3432 an
230 3383 260 3432 ut
273 3375 361 3433 vitato
379 3374 552 3434 assiduitatis
566 3371 680 3434 fastidio
697 3373 895 3431 auctoritatem
910 3371 1018 3432 absent

41 3462 170 3516 tueretur
185 3465 271 3534 atque
287 3458 371 3515 etiam
388 3466 519 3520 strueret,
535 3458 558 3516 si
575 3454 686 3520 ruendo
703 3454 874 3524 indipuisset
889 3457 933 3514 sui
948 3474 1021 3537 resp
