2286 3944
377 243 581 292 PRAEFATIO.
867 245 931 294 xm

25 412 114 477 erant,
129 403 158 460 in
172 404 226 459 heo
241 400 366 458 editione
385 407 514 459 accurate
527 419 686 475 expressam
702 420 767 459 esse
781 403 854 460 scito
865 421 928 462 rer-

24 490 177 547 siculorum
191 485 281 542 initiis
297 484 430 541 reductis.

88 570 202 627 berito
219 566 369 624 caesarum
388 568 454 624 libri
473 575 538 625 octo
553 585 607 640 quo
624 575 750 641 tempore
767 570 853 642 editi,
874 588 929 644 quo

24 654 168 731 principio
182 651 322 724 praediti,
341 667 394 724 qna
415 651 524 709 ratione
541 652 569 708 in
584 651 673 709 libros
691 658 720 708 et
737 654 828 726 capite
844 653 928 712 dirisi

25 738 148 806 luerint,
170 734 363 807 exposuimus:
383 735 437 792 iarn
452 736 599 791 dicendum
615 741 672 805 est,
695 751 750 808 qno
765 737 886 794 consilio
902 743 930 794 et

26 837 84 894 quo
101 817 243 876 scribendi
265 833 370 889 genere
386 819 550 891 compositi,
568 818 688 889 denique
702 819 801 891 quibus
818 820 929 877 iudiciis

27 901 181 977 eposteris
200 901 312 973 excepti
328 901 392 959 sint.

88 985 200 1042 Amisso
215 985 310 1057 operis
325 985 406 1042 initio
423 1000 483 1041 oum
500 991 640 1043 uectorem
656 987 746 1060 ipsum
760 987 795 1041 de
811 985 930 1044 consilio

27 1086 80 1128 suo
95 1068 256 1139 laborisque
267 1067 432 1125 adiumentis
442 1068 625 1126 disserentem
633 1086 687 1127 non
703 1066 864 1139 bubeemne,
878 1070 932 1126 hoc

26 1153 93 1210 mibi
110 1153 220 1209 videtur
235 1157 299 1208 ante
320 1152 411 1209 omnia
432 1167 465 1210 ac
483 1153 572 1225 probe
589 1153 736 1210 tenendum
755 1169 836 1222 esse,
858 1157 888 1208 ut
904 1153 932 1208 in

25 1237 179 1295 vitarum
201 1234 471 1308 scriptoribus,
491 1251 545 1292 non
562 1235 590 1292 in
607 1236 785 1293 historiarum
809 1235 932 1292 auetori-

25 1322 79 1377 bus
102 1317 239 1376 collocari
261 1334 292 1374 se
308 1313 470 1392 voluerit⁸).
513 1320 608 1391 ltaque
625 1320 720 1392 inique
743 1320 865 1390 luceret,
885 1318 932 1392 qni

26 1401 189 1477 prooemio,
215 1401 378 1471 orationes,
400 1417 504 1458 morum
525 1403 749 1460 adumbrationes
770 1409 798 1458 et
818 1403 842 1458 si
861 1401 939 1474 quae'

27 1487 123 1544 solent
139 1484 221 1541 buius
236 1484 350 1554 generis
367 1484 466 1542 altiora
479 1493 507 1541 et
522 1487 656 1559 ampliora
667 1488 701 1543 ub
712 1486 856 1542 historicis
872 1503 932 1541 cum

28 1573 278 1638 rerumgestarum
294 1568 426 1625 memoria
443 1570 592 1640 coniungi,
614 1587 629 1626 u
644 1569 805 1641 Tranquillo
821 1569 933 1626 deside-

27 1659 121 1716 reret;
142 1650 209 1707 talia
230 1667 319 1723 neque
340 1651 455 1723 scripsit
476 1669 565 1723 neque
582 1670 613 1708 se
628 1653 794 1725 scripturum
815 1653 933 1725 recepit,

27 1738 86 1792 hoc
106 1751 188 1790 unum
210 1741 322 1790 secutus
345 1741 373 1789 ut
395 1733 543 1792 (laesarum
567 1736 714 1793 duodecim
735 1735 818 1791 vitem
843 1751 933 1806 neque

29 1817 178 1891 quicquam
197 1823 343 1889 praetereo
367 1825 554 1890 componeret.
599 1819 665 1876 'lale
687 1819 833 1876 consilinm
847 1819 934 1875 band-

29 1917 167 1974 quaqnem
183 1901 391 1972 improbandum
413 1903 501 1971 duco,
523 1919 583 1957 curn
605 1921 651 1960 res
669 1903 840 1960 enarrandae
860 1907 934 1972 sunt,

27 2001 144 2058 quarum
159 2000 262 2040 summu
278 1985 313 2040 ud
330 2000 411 2038 nuum
426 1985 580 2057 principem
601 1987 683 2056 regio
699 1985 808 2056 quidem
824 1985 934 2042 nomine

27 2074 171 2125 carentem
189 2066 239 2123 sed
260 2073 400 2139 potestate
419 2069 481 2139 plns
504 2084 583 2138 quarn
607 2069 687 2139 regie
708 2068 862 2138 praeditum
886 2068 936 2123 de-

27 2155 87 2209 late
104 2158 160 2215 cst;
176 2150 258 2206 immo
269 2150 434 2206 laudandum
452 2166 516 2206 esse
530 2150 677 2220 existimo,
693 2166 752 2204 enm
771 2150 935 2222 scriptorem

29 2235 153 2305 aliquem
182 2233 266 2289 video
294 2232 470 2289 intellexisse
503 2235 558 2288 hoc
588 2250 619 2288 se
647 2231 789 2289 scribendi
820 2226 935 2302 genere,

30 2318 107 2390 quod
128 2319 157 2373 in
171 2317 237 2373 ritis
262 2315 435 2388 exponendis
450 2322 594 2387 versetur,
616 2316 726 2373 facilins
745 2332 825 2387 quem
846 2315 935 2371 bisto-

28 2402 91 2461 rice
104 2407 175 2471 erte,
193 2416 258 2456 rara
272 2400 321 2456 illa
337 2405 365 2455 et
381 2401 538 2472 praeclara,
551 2407 580 2456 et
594 2400 649 2458 sibi
666 2406 694 2455 et
709 2400 772 2456 aliis
786 2399 854 2456 sotis
871 2415 935 2455 esse

28 2485 176 2541 iacturum.

94 2568 150 2623 Sed
163 2569 217 2624 lroc
234 2572 324 2622 tumen
341 2569 547 2624 concedendum
565 2574 618 2639 est,
635 2567 830 2623 Suetoniannm
847 2569 1023 2637 genns⁰n⁰r¹¹
1040 2568 1095 2612 *¹¹¹⁸

29 2667 123 2722 neque
144 2651 179 2706 ad
198 2649 287 2706 Taciti
310 2651 471 2720 Agricolam
492 2667 582 2722 neque
605 2651 639 2707 ud
662 2650 841 2706 Plutarcheas
863 2649 935 2704 ritas

31 2733 180 2791 accedere.
208 2732 325 2789 Primum
340 2734 412 2789 enim
426 2741 578 2807 temporum
592 2734 704 2790 nimium
717 2733 868 2803 indiligens
884 2737 936 2801 cst,

31 2834 95 2874 cum
112 2832 167 2873 non
184 2816 317 2873 modoad
337 2833 469 2873 annorum
489 2835 618 2874 numeros
634 2823 744 2890 praeter
761 2816 880 2872 natalem
895 2815 936 2870 la-

31 2901 171 2971 talemque
183 2900 256 2956 diem
271 2899 338 2954 nihil
356 2899 416 2954 iere
428 2901 564 2971 retulerit,
579 2901 630 2956 sed
645 2917 679 2955 ne
695 2917 746 2972 per
762 2898 861 2956 aetatis
874 2897 934 2968 qui-

32 2986 96 3040 dem
127 2983 229 3054 gredm
251 2983 410 3038 distinxerit
442 2983 502 3040 eins
523 2983 641 3039 bominis
666 2983 743 3038 cuius
765 2982 848 3038 vitatu
869 2997 935 3051 per-

33 3066 173 3137 sequitur,
184 3082 275 3122 mores
289 3066 498 3136 corroboratos,
510 3067 676 3135 immutatos,
691 3070 856 3135 corruptos;
870 3062 935 3117 hinc

34 3151 66 3206 flt
81 3155 111 3203 ut
131 3149 207 3204 illins
222 3165 326 3204 morum
349 3155 402 3204 tam
420 3150 554 3206 bonorum
574 3164 653 3219 qnam
670 3149 802 3203 malorum
825 3145 935 3214 singula

34 3234 200 3288 documenta
214 3232 385 3288 inveniamus
401 3234 495 3302 multe,
510 3230 692 3287 seduniversi
707 3228 814 3300 ingenii
829 3242 897 3282 mox
907 3226 934 3281 in

105 3360 133 3421 3)
157 3360 186 3409 ld
202 3376 232 3408 ne
249 3358 387 3426 Vopiscum
405 3362 507 3425 quidem
525 3361 609 3421 latuit,
636 3360 678 3423 qul
702 3360 728 3408 in
746 3357 826 3408 Probo
844 3371 899 3422 cap.
919 3358 935 3404 2

35 3445 86 3480 non
100 3437 127 3478 ut
141 3429 293 3488 Sallustios,
313 3428 406 3492 lnquit,
425 3432 512 3481 Liuius
533 3430 633 3480 Tacitus
648 3430 745 3493 lbopos
814 3428 935 3484 troitum,

35 3497 85 3547 sed
98 3496 208 3547 Muriwu
224 3496 379 3558 Mmeimwrs,
397 3498 538 3549 Suetonium
554 3498 721 3561 Tranquillum
737 3504 775 3546 etc
