2256 3930
522 243 694 293 oanan.
1045 227 1107 292 209

109 418 164 461 eos
178 400 293 459 nonnisi
304 397 465 479 praeduros
477 397 686 476 exoletosqn03
705 396 838 458 ferebant
854 399 883 458 in
894 397 1033 476 Hispania
1044 396 1106 458 loe·

108 484 168 544 lum
181 503 198 542 e
209 483 358 543 veteribus
371 481 558 558 concubinis,
572 480 608 540 de
616 480 741 540 Neronis
753 482 830 541 exitu
844 483 1034 558 nuntiantem,
1048 496 1107 541 non

107 567 197 628 modo
217 567 366 627 artissimis
384 565 492 626 oseulis
514 565 609 644 palam
625 573 779 643 enoeptum
797 565 832 626 ab
852 583 905 643 eo,
925 564 978 624 sed
994 574 1024 624 ut
1042 567 1106 624 sine

106 668 191 710 mora
202 649 363 710 velleretur
375 658 494 726 oratum,
512 659 597 728 atque
610 648 767 708 seductum.

74 751 97 792 s
177 734 266 794 Periit
280 734 366 793 tertio
380 742 408 791 et
419 735 636 811 septuagesimo
648 735 750 792 aetatis
767 750 859 808 anno,
877 733 990 810 imperii
1005 751 1104 793 meuse

105 819 246 896 septimo.
285 818 417 892 Senatus,
430 825 459 875 ut
479 817 598 895 primum
615 816 722 876 licitum
742 825 801 893 est,
820 825 941 875 statuam
960 817 988 874 ei
1005 815 1106 876 deere-

103 911 193 962 verat
203 910 346 961 rostratae
359 900 510 960 oolumnae
523 908 736 978 superstantem
747 901 776 958 in
790 909 874 978 parte
886 899 957 976 lori,
978 917 1033 978 qua
1048 908 1104 958 trn·

103 985 220 1046 oidatus
231 993 277 1045 est
283 1008 290 1054 ;
304 983 356 1043 sed
368 983 516 1044 decretum
527 985 726 1061 Vespasianus
747 982 892 1061 abolevit,
913 999 1106 1061 percussores

104 1069 165 1129 sibi
179 1087 216 1128 ex
226 1069 366 1147 Hispania
379 1070 407 1127 in
418 1067 553 1128 Iudaeam
564 1067 733 1127 submisisse
747 1069 890 1146 opinatus.

486 1277 724 1288 ——-—-—

544 1412 662 1467 otto.

74 1588 105 1634 to
175 1572 301 1633 Maiores
314 1568 435 1630 Othonis
448 1571 504 1629 orti
515 1579 580 1628 sunt
597 1568 706 1646 oppido
718 1567 872 1646 Ferentio,
884 1569 992 1632 familia
1003 1581 1105 1632 vetere

106 1664 140 1716 et
156 1655 298 1715 honorata
314 1664 400 1733 atque
417 1672 454 1713 ex
471 1652 650 1732 principibus
667 1651 809 1713 Etruriae.
835 1653 917 1714 Avus
934 1654 973 1715 ll.
989 1655 1105 1716 Salvius

107 1739 197 1816 Otho,
215 1748 297 1818 patre
311 1740 410 1816 equite
426 1737 463 1797 ll.
478 1747 567 1797 matre
580 1736 676 1796 humili
690 1739 831 1796 incertum
848 1756 884 1798 an
896 1739 1036 1816 ingenua,
1051 1758 1105 1819 per

107 1826 232 1901 gratiam
239 1823 339 1882 Liviae
351 1822 520 1899 Augustae,
534 1823 563 1881 in
576 1823 655 1881 ouius
672 1820 757 1881 domo
771 1830 915 1898 creverat,
928 1832 1047 1882 senator
1059 1833 1105 1884 est

108 1907 215 1983 factus,
229 1925 284 1965 nee
296 1915 449 1985 praeturae
461 1904 581 1982 gradum
592 1906 730 1965 excessit.

74 2008 101 2053 tt
174 1990 259 2050 Pater
268 1989 299 2048 L.
313 1989 398 2066 Otho,
413 1998 542 2048 materno
561 2005 672 2065 genere
690 1988 842 2067 praeclaro
856 1987 1063 2068 multarumque
1076 1999 1106 2050 et

74 2108 76 2115 ·
110 2092 276 2149 magnarum
290 2074 563 2150 propinquitatium,
576 2083 632 2132 tam
652 2089 736 2131 carus
754 2081 868 2150 tamque
890 2088 948 2130 non
965 2071 1114 2133 absimilis'

74 2173 80 2211 t
110 2157 187 2216 faeie
200 2156 319 2215 l'iherio
332 2157 458 2234 prinoipi
469 2155 533 2231 fuit,
545 2164 575 2214 ut
587 2155 720 2233 plerique
735 2163 919 2232 procreatum
930 2173 968 2215 ex
985 2173 1021 2216 eo
1042 2176 1104 2217 ore·

74 2256 81 2297 r
111 2240 223 2300 dorent.
254 2239 389 2300 Urbanos
408 2238 551 2314 honores,
569 2238 805 2316 proconsulatum
823 2237 944 2298 Africae
962 2249 991 2299 et
1010 2249 1104 2302 extra·

78 2340 81 2353 ·
113 2323 258 2385 ordinaria
273 2325 394 2400 imperia
406 2323 591 2381 severissime
605 2321 820 2381 administravit.
853 2321 949 2382 Ausus
962 2325 1048 2384 etiam
1060 2333 1105 2385 est

74 2410 140 2469 toin
154 2407 273 2480 lttprtoo
285 2406 390 2466 milites
406 2404 555 2484 quosdam,
569 2405 646 2483 quod
657 2414 736 2465 motu
749 2403 861 2465 Camilli
879 2425 917 2466 ex
928 2409 1104 2485 paenitentia

77 2507 80 2545 ι
110 2492 298 2570 praepositos
307 2508 376 2550 suos
386 2491 467 2568 quasi
477 2489 650 2549 defentionis
662 2488 801 2550 adversus
812 2487 1104 2552 Claudiumauotores

74 2592 78 2629 ι
108 2573 286 2650 occiderant,
301 2576 397 2652 eapite
409 2574 521 2652 punire,
537 2582 566 2632 et
578 2572 692 2653 quidem
705 2581 771 2633 ante
783 2576 927 2653 principia
945 2593 977 2634 se
995 2593 1103 2653 coram,

74 2674 77 2705 ¹
107 2660 240 2738 quamvis
253 2657 290 2717 ob
302 2657 331 2717 id
343 2660 436 2736 ipsum
449 2667 600 2734 promotos
612 2660 640 2716 in
661 2657 832 2736 ampliorem
851 2657 972 2735 gradum
990 2678 1006 2718 a
1020 2657 1103 2719 Glau-

107 2743 157 2803 dio
171 2745 269 2801 sciret.
297 2742 360 2816 Quo
372 2741 452 2802 facto
465 2743 540 2800 siout
555 2739 679 2818 gloriam
691 2743 786 2817 auxit,
805 2743 845 2801 ita
856 2745 979 2818 gratiam
989 2744 1103 2806 minuit:

74 2838 195 2906 iuquam
207 2834 300 2885 tamen
311 2834 420 2884 mature
427 2826 605 2902 reciperavit
617 2824 843 2903 detentaequitis
851 2825 886 2885 R.
899 2825 1010 2902 fraude,
1019 2843 1105 2903 quem

107 2908 300 2989 prodentibus
312 2910 406 2967 servis
424 2925 527 2966 neoern
539 2906 661 2968 Claudio
679 2927 783 2986 parare
801 2917 994 2987 compererat.
1018 2907 1103 2971 Nam·

105 3010 166 3072 que
179 3001 208 3051 et
219 3002 336 3052 senatus
351 2990 465 3051 honore
476 2992 635 3068 rarissimo,
652 3000 742 3051 statua
754 2993 782 3048 in
794 2991 905 3051 Palatio
918 2994 1024 3069 posita,
1036 3010 1103 3070 pro·

105 3085 227 3138 secutus
240 3085 286 3135 est
304 3093 367 3135 eum
379 3083 408 3132 et
420 3072 556 3133 Claudius
574 3074 717 3134 adlectum
734 3075 809 3132 inter
828 3077 968 3152 patricios
987 3075 1103 3136 conlau-

105 3161 181 3220 dans
193 3160 377 3237 amplissimis
388 3156 498 3233 verbis,
511 3156 568 3216 hoo
581 3175 696 3235 quoque
708 3156 829 3216 adiecit:
847 3155 910 3234 Vir,
927 3175 986 3238 quo
998 3159 1102 3220 melio·

74 3261 161 3306 eree
169 3242 284 3303 liberos
295 3241 458 3302 tolmone
469 3246 541 3318 opto
553 3239 683 3319 quidem.
703 3239 749 3298 liu
761 3238 847 3301 Albia
859 3239 994 3303 Terentia
1006 3243 1103 3322 splen·

106 3327 175 3388 dida
185 3327 290 3386 femina
303 3326 375 3385 duos
387 3324 464 3384 filios
475 3323 548 3401 tulit,
556 3323 585 3383 L.
599 3323 739 3383 Titianum
751 3332 780 3383 et
791 3326 931 3385 minorem
942 3325 980 3386 ll.
993 3343 1104 3405 coguo-

105 3414 214 3471 minem
224 3410 294 3479 sibi;
312 3409 375 3469 tulit
390 3417 419 3468 et
434 3407 530 3485 liliam,
552 3425 635 3486 quam
652 3406 768 3467 vixdum
785 3407 911 3470 nubilem
925 3408 1021 3473 Druso
1033 3411 1105 3473 (ier-

107 3496 213 3554 manioi
225 3494 287 3553 filio
300 3491 463 3572 despondit.

153 3597 307 3638 sunnonrus.
912 3579 951 3640 14
