2256 3930
212 163 490 213 nurnnmronuu
512 164 693 212 menonem
718 161 919 221 unumunurn.
1007 151 1068 212 309

57 321 247 397 rediguntur,
275 319 396 378 sublatis
428 319 471 393 ia,
496 318 626 395 adposita
649 317 793 391 elittera,
823 317 961 394 quidquid
981 317 1068 376 fuerit

58 403 322 482 respondebimus,
346 411 376 461 ιιι
390 401 556 479 specularia
573 402 737 478 speculare,
766 401 903 460 cocliaria
928 401 1066 462 cocliare.

124 487 203 546 Inter
217 485 275 545 boc
291 494 319 545 et
335 485 410 564 huc]
429 485 487 544 boc
504 503 664 562 pronomen
681 484 831 543 masculini
853 494 882 543 ει
907 487 1000 544 neutri
1015 503 1066 562 ge·

11 574 15 579 “
58 573 142 632 ιιειῐε
161 587 246 630 casus
262 569 420 645 ablativus,
436 567 493 627 huc
510 568 677 628 adverbium
694 577 739 627 est
754 569 821 627 loci.
861 569 920 628 Sed
935 570 1068 628 videntur

28 671 164 717 serrare
180 653 228 732 qui
242 653 300 712 hoc
315 651 484 712 adverbium
499 652 557 712 loci
570 661 670 730 putant
680 670 758 731 esse,
766 653 949 730 [quamquam
962 653 1067 711 dixerit

57 738 218 815 Virgilius:
245 736 305 796 boc
323 736 398 797 illuc
420 735 590 796 vinclorum
612 736 744 795 inmissa
764 735 922 795 volumino
936 737 1066 813 versat]

60 821 176 896 Quodsi
191 820 248 880 hoc
263 819 430 879 adverbium
445 828 490 878 est
505 821 582 896 loci,
599 819 733 878 dicimus:
753 819 829 896 quod
847 828 890 877 est
906 835 1066 896 pronomen

59 907 90 966 id
110 905 166 963 erit
180 903 356 964 adverbium.

127 988 207 1047 luter
222 987 362 1046 offensam
378 995 407 1045 et
423 986 625 1064 offensionem]
647 987 757 1046 offensa
772 1003 877 1044 nomen
893 995 937 1044 est
954 987 1006 1062 rei,
1023 986 1065 1044 ol·

15 1096 50 1140 10
61 1074 159 1134 fensio
177 1071 297 1148 culpae,
312 1080 455 1147 tamquam
469 1079 537 1130 nota
553 1080 581 1129 et
597 1072 720 1138 notatio;
738 1080 804 1128 nota
817 1071 891 1128 enim
907 1087 1011 1128 nomen
1023 1070 1066 1128 rei

61 1165 127 1233 est,
141 1156 251 1216 notatio
270 1155 346 1213 actio
363 1155 498 1212 notantis.

126 1238 205 1299 luter
225 1246 337 1315 patrem
358 1246 388 1296 et
409 1238 570 1316 parentem]
602 1247 688 1315 pater
712 1246 757 1296 est
778 1238 897 1296 alicuius
914 1237 943 1312 ιι,
960 1254 1065 1314 parens

59 1323 112 1383 vel
127 1321 273 1381 masculus
297 1320 346 1380 vel
367 1321 488 1390 femina;
512 1321 588 1398 quod
605 1323 679 1380 inter
700 1323 853 1398 coniugem
869 1331 898 1379 et
918 1323 1009 1380 virum
1025 1321 1065 1380 in·

59 1414 173 1480 terest,
188 1404 246 1464 boc
260 1405 335 1464 inter
356 1414 507 1482 parentem
531 1414 559 1464 et
576 1415 708 1482 patrem;
729 1407 833 1465 coniux
854 1414 976 1482 uterque
996 1405 1065 1464 dici·

23 1510 51 1551 rs
60 1501 129 1567 tur,
146 1489 191 1548 uir
205 1488 252 1566 qui
267 1488 383 1548 maritus
400 1497 454 1547 εει.
504 1488 546 1548 lta
569 1499 597 1548 et
617 1508 722 1566 parens
739 1499 880 1567 uterque,
897 1489 971 1547 alter
988 1489 1065 1568 quod

62 1590 152 1634 causa
168 1573 202 1631 sit
216 1580 333 1650 partus,
351 1571 426 1631 alter
441 1572 520 1651 quod
536 1573 667 1650 pariendi
682 1571 786 1632 habeat
799 1574 956 1632 materiam.

125 1655 204 1715 Inter
232 1655 311 1715 velle
344 1665 372 1715 ει
402 1656 522 1734 cupere]
549 1656 678 1734 quivult
700 1673 756 1736 non
785 1658 882 1733 cupit,
917 1657 964 1733 qni
987 1659 1065 1734 cupit

17 1768 22 1773 ·
62 1738 235 1800 etiamvult.
842 1803 844 1806 .

121 1821 179 1882 'llic
199 1840 235 1882 an
260 1821 335 1881 haec
352 1822 443 1900 grex]
469 1838 668 1900 quaecumque
693 1823 895 1898 monosyllaba
925 1832 1064 1900 correpta

26 1907 195 1969 roliniunt‘ur
208 1925 227 1964 x
252 1905 367 1979 littera,
389 1905 523 1964 feminina
541 1915 606 1964 sunt
621 1915 665 1965 ut:
684 1908 733 1966 nix
749 1909 798 1984 pix
814 1926 872 1965 nux
894 1924 965 1964 crux
979 1925 1063 1982 grex.

113 1987 280 2068 „complicui
296 2006 331 2048 an
350 1990 532 2067 conplicari]
550 1988 695 2067 triplicari
711 1999 740 2049 et
754 1989 991 2068 quadruplicari,
1007 2006 1064 2048 non

10 2074 23 2111 *²
60 2073 233 2154 triplicuiet
248 2072 447 2150 quadruplicui
470 2090 525 2132 nec
544 2073 705 2151 conplicui,
732 2083 761 2131 et
783 2092 838 2132 nec
854 2073 973 2132 dicimus
995 2090 1063 2132 con-

61 2156 144 2236 plicit
159 2157 212 2216 sed
228 2156 383 2234 conplicat.

127 2239 247 2299 Duobus
265 2248 294 2297 et
308 2238 460 2316 ambobus]
485 2239 574 2298 ambis
590 2241 615 2298 si
631 2240 801 2316 dixerimus,
817 2240 948 2317 ambigua
965 2249 1010 2300 est
1026 2243 1063 2300 si·

30 2323 226 2403 mgnidcatim
243 2321 306 2382 duis
323 2340 417 2401 aeque
434 2323 509 2383 aliud
525 2323 698 2400 significabit
713 2324 790 2402 quod
811 2333 855 2383 est
872 2323 907 2383 de
929 2325 998 2391 situ;
1020 2325 1062 2385 iu-

63 2407 198 2486 giendum
220 2405 304 2466 nobis
327 2414 372 2464 εει
394 2407 568 2472 1ιοε,νίιίιιιιι
583 2407 785 2485 ambiguitatis.
813 2406 895 2467 Nunc
913 2409 998 2468 etiam
1012 2428 1062 2469 ne·

64 2509 150 2551 cesse
174 2500 219 2550 εει
231 2488 314 2549 nobis
337 2498 367 2548 ut
387 2489 514 2549 dicamus
531 2490 585 2549 hos
601 2492 675 2567 duo,
697 2493 801 2570 quiesi
819 2492 974 2552 dixerimus
990 2493 1063 2552 duos

10 2584 20 2643 ι
62 2575 147 2636 locos
163 2575 254 2649 tulos,
270 2590 395 2633 necesse
411 2582 455 2632 εει
470 2574 568 2633 dicere
584 2574 645 2634 duis
662 2584 691 2635 et
706 2575 780 2634 ambi
795 2585 826 2635 ut
842 2577 909 2636 mali
916 2601 923 2647 ;
946 2578 988 2637 sic
1004 2578 1061 2637 adi·

10 2646 22 2739 ζ
63 2660 172 2718 olemus
195 2659 251 2718 duo
273 2666 303 2716 et
324 2656 425 2732 ambo,
444 2667 473 2715 ut
489 2658 545 2716 duo
560 2658 671 2718 duobus
688 2668 717 2719 et
732 2659 815 2719 ambo
834 2660 984 2720 ambobus.

10 2752 53 2811 jao
126 2741 212 2802 Ficus
229 2760 264 2801 au
279 2741 364 2819 ficos]
384 2741 455 2800 ficus
477 2741 616 2818 arbores,
637 2744 709 2803 ficos
729 2761 813 2821 poma
835 2744 971 2818 dicimus,
992 2744 1062 2803 licus

10 2864 14 2873 ·
60 2836 205 2904 tamquam
221 2842 319 2884 manus
333 2843 422 2901 anus,
444 2824 516 2884 ficos
531 2834 673 2904 tamquam
689 2827 783 2886 favos.

10 2910 26 2971 i·
125 2909 262 2969 Decurrit
278 2927 313 2968 an
330 2908 493 2968 decucurrit
506 2918 587 2968 recte
602 2910 740 2988 dicamus]
756 2928 877 2988 eaquae
893 2910 1062 2986 geminanda

62 2992 245 3053 eruntverba
262 2994 402 3070 temporis
415 2994 589 3070 praesentis,
607 2993 1060 3070 praeteritotemporeunamsyl·

10 3086 13 3131 ;
59 3076 157 3138 labam
173 3076 328 3153 accipient,
344 3083 485 3154 tamquam
501 3078 588 3134 currit
602 3077 736 3151 cucurrit,
752 3076 876 3153 spondet
892 3077 1059 3154 spopondit.

24 3162 102 3237 ³5At
118 3178 182 3219 cum
204 3159 382 3237 praepositio
399 3157 574 3234 accesserit,
597 3160 720 3236 perdent
742 3158 899 3234 syllabam,
918 3170 1060 3237 tamquam

59 3243 256 3305 decurrituon
270 3243 443 3318 decucurrit,
453 3252 481 3301 et
491 3241 646 3320 despondit
660 3241 930 3320 non-despopondit.
947 3242 1010 3301 Hoc
1021 3244 1059 3301 ita

57 3345 162 3388 verum
178 3328 243 3401 erit,
260 3325 354 3384 sinon
369 3325 566 3404 plusquamV.
576 3326 719 3402 accipient
733 3327 982 3403 praepositiones;
995 3343 1059 3384 nam

59 3429 126 3471 cum
143 3411 179 3469 sit
194 3408 322 3483 mordet,
350 3417 378 3466 ει
392 3408 462 3468 facit
476 3409 628 3468 momordit
645 3426 699 3467 nec
714 3418 808 3468 tamen
824 3410 893 3468 lacit
908 3409 1058 3469 demordit.
