2286 3944
1019 4 1037 152 l

4 190 35 245 ,Ψ
53 198 60 225 ¹
78 222 86 235 ·
117 202 271 251 mrim
287 206 415 265 Μή.
431 207 478 252 DE
494 208 576 253 vm
593 206 782 255 CAESARUM
799 210 876 256 LIB.
891 211 970 256 VIII..
1030 178 1037 283 l

54 358 183 417 'minem
203 364 280 417 τ’·ιιιι
297 359 372 418 bunc
391 360 456 420 fere
476 364 577 420 tenuit.
611 361 645 421 ln
669 363 841 442 priucipatu
864 365 995 423 maturius
1034 356 1037 407 l

0 467 9 476 ι
28 454 103 499 roer-
123 464 152 499 rc
178 443 210 501 ie
228 454 315 502 nnete
331 445 506 520 evigilabat:
522 445 589 504 dein
609 445 752 524 perlectis
776 447 917 526 epistolis
934 448 996 508 offr-

1 530 155 601 rirutnqne
173 530 301 586 emnium
316 527 480 603 breviariis,
499 531 611 589 amicos
626 529 805 607 admittebat,
822 549 861 590 ac
875 531 940 590 dum
956 551 996 591 sa·
1031 500 1037 615 l

7 617 104 665 catur.
131 628 162 668 aa
185 611 330 672 calciabat
350 615 468 690 ipsese
490 622 519 671 et
547 613 717 679 amiciebat:
748 623 879 692 postque
900 615 996 675 decisa

18 708 192 773 aecrrmque
215 695 405 756 obvenissent
427 699 560 773 negotia,
588 698 745 774 gestationi
767 707 796 756 et
818 698 886 757 inde
910 630 1037 793 quietisl

1 774 123 853 arabat,
143 780 306 841 accubante
320 780 416 858 ailqua
431 781 626 859 pallacarum,
648 799 720 859 quas
736 781 882 840 inlocum
899 782 994 841 defun·

1 866 52 919 *iac
70 859 212 925 Caenidis
230 865 368 943 plurimas
392 866 597 933 constituerat;
620 883 637 924 a
658 874 776 924 secreto
800 866 830 922 in
853 865 994 925 balineum

14 944 205 1027 icliniumque
223 949 371 1008 transibat.
407 948 471 1008 Nec
485 948 546 1006 ullo
561 957 694 1026 tempore
709 948 826 1007 facilior
842 957 892 1008 ant
907 949 993 1009 indul·

0 1032 110 1097 folior
127 1033 258 1109 traditur,
275 1050 367 1110 eaque
385 1041 530 1091 momenta
547 1031 699 1090 domestici
714 1031 749 1091 ad
766 1031 878 1109 aliquid
897 1042 992 1112 peten-

0 1134 60 1174 ιιιιι
75 1134 258 1195 magnopere
275 1114 439 1193 captabant.
1000 1129 1037 1193 op

58 1199 96 1260 Et
123 1218 212 1279 super
233 1217 351 1258 caenam
378 1209 472 1259 autern
499 1207 529 1257 et
557 1215 674 1276 semper
701 1198 774 1257 alias
805 1200 992 1276 comissimus,

22 1284 83 1344 ulta
98 1285 164 1343 ioco
181 1282 374 1359 transigebat;
397 1292 459 1342 erat
480 1283 555 1340 enim
576 1281 737 1341 dicacitatis
759 1281 919 1360 plurimae,
942 1284 992 1342 etsi
1018 1352 1022 1359 ¹

0 1369 127 1427 curtilis
144 1376 172 1426 et
188 1365 339 1440 sordidae,
363 1375 444 1425 utne
467 1367 658 1444 praetextatis
675 1365 790 1444 quidem
810 1366 910 1425 verbis
932 1366 990 1426 abs-

1 1454 109 1510 ineret.
151 1451 187 1509 Et
204 1459 297 1509 tamen
313 1450 448 1508 nonnulla
474 1451 535 1508 eius
553 1449 729 1509 facetissima
750 1458 868 1526 extant,
889 1452 918 1509 in
936 1452 988 1529 qui·
1032 1496 1036 1513 .

0 1554 49 1593 ms
63 1544 93 1593 et
108 1534 191 1594 baec.
221 1533 370 1593 Mestrium
384 1532 501 1592 Florum
516 1533 709 1609 consularem,
722 1532 885 1592 admonitus
899 1534 935 1593 ab
948 1552 988 1609 eo,
996 1548 1014 1590 ιι

2 1649 5 1670 ·
22 1618 167 1677 laustra
179 1620 275 1695 potius
295 1635 377 1695 quam
397 1617 541 1694 plostra
554 1615 685 1693 dicenda,
699 1625 820 1694 postero
833 1617 881 1676 die
893 1617 988 1677 Flan-

15 1720 70 1761 nm
86 1701 230 1761 salutavit.
264 1700 455 1779 Expugnatus
475 1708 568 1758 autern
592 1717 607 1758 a
629 1699 765 1777 quadam,
791 1703 874 1778 quasi
897 1696 991 1760 amore
1030 1746 1035 1775 ,ι

0 1804 49 1845 no
65 1786 228 1863 deperiret,
254 1802 316 1842 cum
340 1783 497 1862 perductae
522 1800 575 1860 pro
599 1783 753 1842 concubitu
776 1786 912 1844 sestertia
927 1802 985 1862 qua·
1030 1853 1037 1860 q

0 1872 148 1947 ringente
163 1868 309 1943 donasset,
323 1867 494 1927 admonente
507 1866 719 1944 dispensatore,
734 1885 820 1946 quern
832 1867 985 1928 admodum
1029 1888 1037 1942 a,

0 1972 133 2013 unimam
149 1951 307 2013 rationibus
325 1951 416 2010 vellet
431 1949 542 2026 inferri,
564 1947 769 2028 Vespasiano,
787 1952 896 2029 inquit,
915 1951 1007 2013 ada-o
1031 1988 1035 2025 ξ

6 2044 90 2097 oio.
120 2037 261 2098 Utebntur
278 2044 307 2095 et
327 2034 460 2094 versibus
476 2032 595 2094 Graecis
616 2035 792 2113 tempestive
813 2035 884 2095 satis
907 2034 985 2094 etde
1029 2070 1037 2109 ι

4 2122 122 2182 modam
139 2139 280 2200 procerae
293 2128 417 2179 staturae
430 2117 645 2196 improbiusque
657 2128 742 2178 nato:
1033 2120 1035 2126 “

117 2193 227 2283 μακρὰ
237 2195 344 2282 βιβάς,
363 2197 520 2281 κραδάων
535 2193 745 2279 δολιχόσκιον
767 2200 878 2279 ἔγχος·
1032 2250 1037 2275 ,ι

3 2298 26 2347 ·t
41 2288 76 2348 de
94 2288 200 2347 Cerulo
214 2287 329 2361 liberto,
350 2288 397 2364 qui
416 2286 497 2345 dives
513 2284 662 2344 admodum
675 2285 712 2344 ob
728 2285 986 2362 subterfugiendum
1032 2320 1037 2339 ι

3 2370 172 2449 nandoque
190 2373 232 2429 ius
247 2372 309 2430 llsci
324 2371 477 2446 ingenuum
493 2387 525 2427 se
543 2378 572 2427 et
586 2368 741 2428 Lachetem
757 2377 865 2428 mutato
881 2372 1009 2430 nomines

16 2463 139 2532 ceperat
153 2454 246 2513 ferre:
528 2516 541 2545 ἴ
600 2527 608 2549 Ι
751 2526 758 2548 Ι

503 2554 540 2630 ,ω
555 2536 684 2615 Acras,
707 2535 833 2614 Λαιιι,

156 2608 239 2678 ἐπὰν
256 2606 448 2697 ἀποθάνῃς,
472 2620 571 2689 cobis
592 2613 624 2692 ἐξ
648 2609 748 2699 ἀρχῆς
763 2618 832 2679 ἔσει

150 2693 315 2781 Κήρυλος.

2 2808 14 2838 ι
27 2790 120 2847 anime
134 2795 227 2846 tamen
237 2784 417 2844 dicacitatem
431 2784 594 2845 adfectabat
606 2787 634 2845 in
649 2785 826 2846 deformibus
841 2787 946 2862 lucris,
963 2795 1016 2849 ιιιιι

6 2871 128 2931 uvidiam
141 2870 234 2948 aliqua
253 2867 436 2929 cavillatione
454 2869 577 2929 dilueret
602 2869 830 2950 transferretque
848 2870 884 2930 ad
906 2871 989 2931 sales.

58 2953 206 3029 Quendam
227 2953 333 3013 scaris
349 2953 486 3011 ministris
510 2952 753 3032 dispensationem
777 2955 888 3013 crudam
912 2956 992 3033 quasi

8 3041 80 3099 ratri
98 3046 244 3117 petentem
261 3055 324 3097 cum
341 3035 516 3113 distulisset,
536 3039 629 3115 ipsum
644 3036 823 3097 candidatum
839 3038 875 3097 ad
891 3057 924 3098 se
941 3056 992 3099 vo·

7 3124 89 3187 avit:
107 3131 268 3200 exactaque
285 3123 422 3200 pecunia,
445 3130 577 3199 quantam
591 3123 615 3180 is
638 3139 701 3180 cum
724 3122 918 3198 suffragatore
940 3141 992 3182 suo

0 3208 168 3283 refrigerat,
189 3207 250 3265 siue
273 3224 353 3266 mora
376 3203 534 3271 ordinavit:
556 3205 752 3285 interpellanti
772 3224 840 3265 mox
861 3208 1026 3268 ministros

6 3284 100 3347 iliram
116 3288 186 3364 tibi,
204 3291 258 3364 ait,
276 3307 391 3369 quaere
411 3289 564 3366 fraires·
586 3288 652 3366 bie,
678 3306 765 3368 quem
785 3296 867 3350 torem
884 3297 993 3369 putas,

1 3390 81 3431 ιιιιιι
97 3379 151 3433 cst.
184 3372 337 3431 Mulionem
356 3374 382 3418 in
399 3374 490 3421 itiner*
528 3392 639 3433 nouam
660 3374 822 3451 suspicatus
848 3373 883 3433 ad
906 3376 994 3435 calci·

1 3452 191 3513 Ὶιιιιιιιιιιιέιβ
212 3454 354 3510 insitum
400 3489 412 3498 -=
444 3475 466 3510 -c
492 3457 702 3517 ..,.„rro=pernrr
725 3459 848 3518 seatium
864 3475 995 3518 moram-
