<?xml version="1.0" encoding="UTF-8"?>
<!DOCTYPE html PUBLIC "-//W3C//DTD XHTML 1.0 Transitional//EN"
    "http://www.w3.org/TR/xhtml1/DTD/xhtml1-transitional.dtd">
<html xmlns="http://www.w3.org/1999/xhtml" xml:lang="en" lang="en">
 <head>
  <title>
</title>
<meta http-equiv="Content-Type" content="text/html;charset=utf-8" />
  <meta name='ocr-system' content='tesseract 3.04.00' />
  <meta name='ocr-capabilities' content='ocr_page ocr_carea ocr_par ocr_line ocrx_word'/>
</head>
<body>
  <div class='ocr_page' id='page_1' title='image "./csuetonitranqui01suetgoog_0330.png"; bbox 0 0 2286 3944; ppageno 0'>
   <div class='ocr_carea' id='block_1_1' title="bbox 142 557 1102 903">
    <p class='ocr_par' dir='ltr' id='par_1_1' title="bbox 142 557 1102 903">
     <span class='ocr_line' id='line_1_1' title="bbox 291 557 961 717; baseline -0.009 -5"><span class='ocrx_word' id='word_1_1' title='bbox 291 633 333 713; x_wconf 89' lang='lat' dir='ltr'>o.</span> <span class='ocrx_word' id='word_1_2' title='bbox 362 628 596 712; x_wconf 82' lang='lat' dir='ltr'>souuoru</span> <span class='ocrx_word' id='word_1_3' title='bbox 620 557 961 717; x_wconf 68' lang='lat' dir='ltr'>samonum</span> 
     </span>
     <span class='ocr_line' id='line_1_2' title="bbox 142 793 1102 903; baseline -0.007 0"><span class='ocrx_word' id='word_1_4' title='bbox 142 802 260 903; x_wconf 85' lang='lat' dir='ltr'>DE</span> <span class='ocrx_word' id='word_1_5' title='bbox 313 797 542 898; x_wconf 86' lang='lat' dir='ltr'><strong>VITA</strong></span> <span class='ocrx_word' id='word_1_6' title='bbox 589 793 1102 898; x_wconf 83' lang='lat' dir='ltr'><strong>CAESARUM</strong></span> 
     </span>
    </p>
   </div>
   <div class='ocr_carea' id='block_1_2' title="bbox 485 994 756 1058">
    <p class='ocr_par' dir='ltr' id='par_1_2' title="bbox 485 994 756 1058">
     <span class='ocr_line' id='line_1_3' title="bbox 485 994 756 1058; baseline -0.004 0"><span class='ocrx_word' id='word_1_7' title='bbox 485 994 647 1058; x_wconf 84' lang='lat' dir='ltr'><strong>LIBER</strong></span> <span class='ocrx_word' id='word_1_8' title='bbox 661 994 756 1057; x_wconf 86' lang='lat' dir='ltr'><strong>VIII.</strong></span> 
     </span>
    </p>
   </div>
   <div class='ocr_carea' id='block_1_3' title="bbox 193 1166 1060 1357">
    <p class='ocr_par' dir='ltr' id='par_1_3' title="bbox 193 1166 1060 1357">
     <span class='ocr_line' id='line_1_4' title="bbox 193 1166 1060 1244; baseline -0.002 0"><span class='ocrx_word' id='word_1_9' title='bbox 193 1170 336 1244; x_wconf 82' lang='lat' dir='ltr'>1t1vus</span> <span class='ocrx_word' id='word_1_10' title='bbox 360 1166 696 1239; x_wconf 80' lang='lat' dir='ltr'><strong>VESPASIANUS.</strong></span> <span class='ocrx_word' id='word_1_11' title='bbox 747 1166 890 1239; x_wconf 87' lang='lat' dir='ltr'><strong>DIVUS</strong></span> <span class='ocrx_word' id='word_1_12' title='bbox 911 1168 1060 1242; x_wconf 68' lang='lat' dir='ltr'>mus.</span> 
     </span>
     <span class='ocr_line' id='line_1_5' title="bbox 465 1283 773 1357; baseline 0.006 -2"><span class='ocrx_word' id='word_1_13' title='bbox 465 1283 773 1357; x_wconf 78' lang='lat' dir='ltr'><strong>DOMITIANUS.</strong></span> 
     </span>
    </p>
   </div>
   <div class='ocr_carea' id='block_1_4' title="bbox 429 1614 900 1683">
    <p class='ocr_par' dir='ltr' id='par_1_4' title="bbox 429 1614 900 1683">
     <span class='ocr_line' id='line_1_6' title="bbox 429 1614 900 1683; baseline 0 -13"><span class='ocrx_word' id='word_1_14' title='bbox 429 1616 539 1671; x_wconf 82' lang='lat' dir='ltr'>ultus</span> <span class='ocrx_word' id='word_1_15' title='bbox 561 1614 827 1671; x_wconf 78' lang='lat' dir='ltr'>vusrlsmlts.</span> <span class='ocrx_word' id='word_1_16' title='bbox 896 1675 900 1683; x_wconf 57' lang='grc'>,</span> 
     </span>
    </p>
   </div>
   <div class='ocr_carea' id='block_1_5' title="bbox 100 1772 1139 3523">
    <p class='ocr_par' dir='ltr' id='par_1_5' title="bbox 105 1772 1137 2188">
     <span class='ocr_line' id='line_1_7' title="bbox 105 1772 1119 1855; baseline 0.001 -20"><span class='ocrx_word' id='word_1_17' title='bbox 105 1787 118 1839; x_wconf 76' lang='lat' dir='ltr'>l</span> <span class='ocrx_word' id='word_1_18' title='bbox 187 1773 359 1836; x_wconf 84' lang='lat' dir='ltr'>Rebellione</span> <span class='ocrx_word' id='word_1_19' title='bbox 374 1775 457 1832; x_wconf 92' lang='lat' dir='ltr'>trium</span> <span class='ocrx_word' id='word_1_20' title='bbox 475 1774 636 1850; x_wconf 90' lang='lat' dir='ltr'>principum</span> <span class='ocrx_word' id='word_1_21' title='bbox 652 1782 680 1831; x_wconf 91' lang='lat' dir='ltr'>et</span> <span class='ocrx_word' id='word_1_22' title='bbox 696 1772 785 1833; x_wconf 83' lang='lat' dir='ltr'>caede</span> <span class='ocrx_word' id='word_1_23' title='bbox 799 1774 939 1833; x_wconf 90' lang='lat' dir='ltr'>incertum</span> <span class='ocrx_word' id='word_1_24' title='bbox 951 1774 1000 1834; x_wconf 91' lang='lat' dir='ltr'>diu</span> <span class='ocrx_word' id='word_1_25' title='bbox 1013 1784 1042 1835; x_wconf 89' lang='lat' dir='ltr'>et</span> <span class='ocrx_word' id='word_1_26' title='bbox 1055 1795 1119 1855; x_wconf 89' lang='lat' dir='ltr'>qua·</span> 
     </span>
     <span class='ocr_line' id='line_1_8' title="bbox 130 1857 1119 1935; baseline 0.001 -17"><span class='ocrx_word' id='word_1_27' title='bbox 130 1859 154 1919; x_wconf 89' lang='lat' dir='ltr'>si</span> <span class='ocrx_word' id='word_1_28' title='bbox 174 1877 278 1935; x_wconf 84' lang='lat' dir='ltr'>vagum</span> <span class='ocrx_word' id='word_1_29' title='bbox 303 1857 453 1934; x_wconf 89' lang='lat' dir='ltr'>imperium</span> <span class='ocrx_word' id='word_1_30' title='bbox 483 1858 611 1934; x_wconf 84' lang='lat' dir='ltr'>suscepit</span> <span class='ocrx_word' id='word_1_31' title='bbox 631 1857 812 1935; x_wconf 82' lang='lat' dir='ltr'>firmavitque</span> <span class='ocrx_word' id='word_1_32' title='bbox 830 1858 943 1917; x_wconf 89' lang='lat' dir='ltr'>tandem</span> <span class='ocrx_word' id='word_1_33' title='bbox 961 1876 1037 1935; x_wconf 86' lang='lat' dir='ltr'>gens</span> <span class='ocrx_word' id='word_1_34' title='bbox 1058 1860 1119 1919; x_wconf 86' lang='lat' dir='ltr'>Fla·</span> 
     </span>
     <span class='ocr_line' id='line_1_9' title="bbox 130 1940 1119 2020; baseline 0 -18"><span class='ocrx_word' id='word_1_35' title='bbox 130 1945 192 2020; x_wconf 88' lang='lat' dir='ltr'>via,</span> <span class='ocrx_word' id='word_1_36' title='bbox 214 1943 338 2001; x_wconf 92' lang='lat' dir='ltr'>obscura</span> <span class='ocrx_word' id='word_1_37' title='bbox 352 1940 400 2000; x_wconf 90' lang='lat' dir='ltr'>illa</span> <span class='ocrx_word' id='word_1_38' title='bbox 418 1941 532 2019; x_wconf 89' lang='lat' dir='ltr'>quidem</span> <span class='ocrx_word' id='word_1_39' title='bbox 546 1959 582 1999; x_wconf 93' lang='lat' dir='ltr'>ac</span> <span class='ocrx_word' id='word_1_40' title='bbox 605 1941 666 1999; x_wconf 92' lang='lat' dir='ltr'>sine</span> <span class='ocrx_word' id='word_1_41' title='bbox 688 1940 755 1998; x_wconf 92' lang='lat' dir='ltr'>ullis</span> <span class='ocrx_word' id='word_1_42' title='bbox 777 1942 916 2000; x_wconf 89' lang='lat' dir='ltr'>maiorum</span> <span class='ocrx_word' id='word_1_43' title='bbox 936 1943 1119 2019; x_wconf 78' lang='lat' dir='ltr'>imaginibus,</span> 
     </span>
     <span class='ocr_line' id='line_1_10' title="bbox 130 2023 1119 2104; baseline -0.001 -17"><span class='ocrx_word' id='word_1_44' title='bbox 130 2026 183 2087; x_wconf 88' lang='lat' dir='ltr'>sed</span> <span class='ocrx_word' id='word_1_45' title='bbox 196 2035 290 2086; x_wconf 90' lang='lat' dir='ltr'>tamen</span> <span class='ocrx_word' id='word_1_46' title='bbox 304 2025 347 2084; x_wconf 89' lang='lat' dir='ltr'>rei</span> <span class='ocrx_word' id='word_1_47' title='bbox 358 2043 387 2104; x_wconf 91' lang='lat' dir='ltr'>p.</span> <span class='ocrx_word' id='word_1_48' title='bbox 404 2042 584 2103; x_wconf 86' lang='lat' dir='ltr'>nequaquam</span> <span class='ocrx_word' id='word_1_49' title='bbox 596 2023 782 2102; x_wconf 86' lang='lat' dir='ltr'>paenitenda;</span> <span class='ocrx_word' id='word_1_50' title='bbox 804 2034 917 2084; x_wconf 87' lang='lat' dir='ltr'>constet</span> <span class='ocrx_word' id='word_1_51' title='bbox 928 2025 1009 2102; x_wconf 90' lang='lat' dir='ltr'>licet,</span> <span class='ocrx_word' id='word_1_52' title='bbox 1024 2026 1119 2088; x_wconf 90' lang='lat' dir='ltr'>Domi-</span> 
     </span>
     <span class='ocr_line' id='line_1_11' title="bbox 129 2108 1137 2188; baseline -0.004 -18"><span class='ocrx_word' id='word_1_53' title='bbox 129 2113 235 2171; x_wconf 90' lang='lat' dir='ltr'>tianum</span> <span class='ocrx_word' id='word_1_54' title='bbox 253 2109 415 2188; x_wconf 74' lang='lat' dir='ltr'>cupiditatis</span> <span class='ocrx_word' id='word_1_55' title='bbox 429 2127 463 2168; x_wconf 90' lang='lat' dir='ltr'>ac</span> <span class='ocrx_word' id='word_1_56' title='bbox 479 2109 617 2168; x_wconf 89' lang='lat' dir='ltr'>saevitiae</span> <span class='ocrx_word' id='word_1_57' title='bbox 634 2109 735 2167; x_wconf 90' lang='lat' dir='ltr'>merito</span> <span class='ocrx_word' id='word_1_58' title='bbox 753 2125 865 2185; x_wconf 89' lang='lat' dir='ltr'>poenas</span> <span class='ocrx_word' id='word_1_59' title='bbox 879 2108 979 2167; x_wconf 90' lang='lat' dir='ltr'>luisse.</span> <span class='ocrx_word' id='word_1_60' title='bbox 1128 2121 1137 2159; x_wconf 64' lang='grc' dir='ltr'>ε</span> 
     </span>
    </p>

    <p class='ocr_par' dir='ltr' id='par_1_6' title="bbox 129 2191 1122 2436">
     <span class='ocr_line' id='line_1_12' title="bbox 193 2191 1121 2269; baseline 0.001 -16"><span class='ocrx_word' id='word_1_61' title='bbox 193 2194 226 2253; x_wconf 89' lang='grc' dir='ltr'>Τ.</span> <span class='ocrx_word' id='word_1_62' title='bbox 245 2193 362 2252; x_wconf 71' lang='lat' dir='ltr'>lllavius</span> <span class='ocrx_word' id='word_1_63' title='bbox 377 2192 478 2269; x_wconf 89' lang='lat' dir='ltr'>Petro,</span> <span class='ocrx_word' id='word_1_64' title='bbox 499 2192 648 2268; x_wconf 83' lang='lat' dir='ltr'>municeps</span> <span class='ocrx_word' id='word_1_65' title='bbox 664 2191 815 2268; x_wconf 79' lang='lat' dir='ltr'>Reatinus,</span> <span class='ocrx_word' id='word_1_66' title='bbox 840 2191 919 2251; x_wconf 92' lang='lat' dir='ltr'>bello</span> <span class='ocrx_word' id='word_1_67' title='bbox 938 2193 1017 2252; x_wconf 86' lang='lat' dir='ltr'>civili</span> <span class='ocrx_word' id='word_1_68' title='bbox 1038 2193 1121 2254; x_wconf 89' lang='lat' dir='ltr'>Pom·</span> 
     </span>
     <span class='ocr_line' id='line_1_13' title="bbox 129 2275 1121 2356; baseline -0.001 -19"><span class='ocrx_word' id='word_1_69' title='bbox 129 2279 295 2356; x_wconf 89' lang='lat' dir='ltr'>peianarum</span> <span class='ocrx_word' id='word_1_70' title='bbox 312 2276 433 2353; x_wconf 88' lang='lat' dir='ltr'>partium</span> <span class='ocrx_word' id='word_1_71' title='bbox 452 2276 582 2335; x_wconf 89' lang='lat' dir='ltr'>centurio</span> <span class='ocrx_word' id='word_1_72' title='bbox 599 2292 635 2334; x_wconf 86' lang='lat' dir='ltr'>an</span> <span class='ocrx_word' id='word_1_73' title='bbox 653 2283 810 2351; x_wconf 87' lang='lat' dir='ltr'>evocatus,</span> <span class='ocrx_word' id='word_1_74' title='bbox 834 2275 964 2354; x_wconf 80' lang='lat' dir='ltr'>profugit</span> <span class='ocrx_word' id='word_1_75' title='bbox 981 2294 1020 2335; x_wconf 84' lang='lat' dir='ltr'>ex</span> <span class='ocrx_word' id='word_1_76' title='bbox 1034 2276 1121 2338; x_wconf 89' lang='lat' dir='ltr'>Phar-</span> 
     </span>
     <span class='ocr_line' id='line_1_14' title="bbox 129 2357 1122 2436; baseline 0.001 -17"><span class='ocrx_word' id='word_1_77' title='bbox 129 2361 218 2419; x_wconf 90' lang='lat' dir='ltr'>salica</span> <span class='ocrx_word' id='word_1_78' title='bbox 234 2360 296 2418; x_wconf 89' lang='lat' dir='ltr'>acie</span> <span class='ocrx_word' id='word_1_79' title='bbox 312 2357 483 2436; x_wconf 86' lang='lat' dir='ltr'>domumque</span> <span class='ocrx_word' id='word_1_80' title='bbox 499 2377 531 2417; x_wconf 91' lang='lat' dir='ltr'>se</span> <span class='ocrx_word' id='word_1_81' title='bbox 553 2358 687 2434; x_wconf 90' lang='lat' dir='ltr'>contulit,</span> <span class='ocrx_word' id='word_1_82' title='bbox 709 2358 757 2417; x_wconf 90' lang='lat' dir='ltr'>ubi</span> <span class='ocrx_word' id='word_1_83' title='bbox 779 2358 883 2418; x_wconf 90' lang='lat' dir='ltr'>deinde</span> <span class='ocrx_word' id='word_1_84' title='bbox 903 2359 988 2419; x_wconf 86' lang='lat' dir='ltr'>venia</span> <span class='ocrx_word' id='word_1_85' title='bbox 1011 2369 1040 2419; x_wconf 86' lang='lat' dir='ltr'>et</span> <span class='ocrx_word' id='word_1_86' title='bbox 1057 2364 1122 2420; x_wconf 90' lang='lat' dir='ltr'>mis·</span> 
     </span>
    </p>

    <p class='ocr_par' dir='ltr' id='par_1_7' title="bbox 100 2438 1139 3523">
     <span class='ocr_line' id='line_1_15' title="bbox 100 2438 1122 2519; baseline 0.002 -17"><span class='ocrx_word' id='word_1_87' title='bbox 100 2438 211 2502; x_wconf 80' lang='lat' dir='ltr'>&#39;sione</span> <span class='ocrx_word' id='word_1_88' title='bbox 237 2443 390 2518; x_wconf 90' lang='lat' dir='ltr'>impetrata</span> <span class='ocrx_word' id='word_1_89' title='bbox 420 2444 589 2501; x_wconf 82' lang='lat' dir='ltr'>coactiones</span> <span class='ocrx_word' id='word_1_90' title='bbox 617 2444 797 2519; x_wconf 83' lang='lat' dir='ltr'>argentarias</span> <span class='ocrx_word' id='word_1_91' title='bbox 826 2443 976 2502; x_wconf 84' lang='lat' dir='ltr'>factitavit.</span> <span class='ocrx_word' id='word_1_92' title='bbox 1026 2444 1122 2508; x_wconf 89' lang='lat' dir='ltr'>Huius</span> 
     </span>
     <span class='ocr_line' id='line_1_16' title="bbox 129 2525 1139 2604; baseline -0.002 -18"><span class='ocrx_word' id='word_1_93' title='bbox 129 2526 214 2600; x_wconf 87' lang='lat' dir='ltr'>filius,</span> <span class='ocrx_word' id='word_1_94' title='bbox 232 2525 405 2599; x_wconf 78' lang='lat' dir='ltr'>cognomine</span> <span class='ocrx_word' id='word_1_95' title='bbox 421 2525 561 2600; x_wconf 86' lang='lat' dir='ltr'>Sabinus,</span> <span class='ocrx_word' id='word_1_96' title='bbox 579 2543 686 2602; x_wconf 84' lang='lat' dir='ltr'>expers</span> <span class='ocrx_word' id='word_1_97' title='bbox 702 2525 818 2586; x_wconf 91' lang='lat' dir='ltr'>militiae</span> <span class='ocrx_word' id='word_1_98' title='bbox 840 2527 911 2604; x_wconf 88' lang='lat' dir='ltr'>(etsi</span> <span class='ocrx_word' id='word_1_99' title='bbox 926 2526 1041 2603; x_wconf 88' lang='lat' dir='ltr'>quidam</span> <span class='ocrx_word' id='word_1_100' title='bbox 1060 2543 1139 2588; x_wconf 76' lang='lat' dir='ltr'>euml</span> 
     </span>
     <span class='ocr_line' id='line_1_17' title="bbox 130 2607 1122 2688; baseline 0.005 -20"><span class='ocrx_word' id='word_1_101' title='bbox 130 2607 349 2688; x_wconf 82' lang='lat' dir='ltr'>primipilarem,</span> <span class='ocrx_word' id='word_1_102' title='bbox 367 2607 511 2683; x_wconf 84' lang='lat' dir='ltr'>nonnulli,</span> <span class='ocrx_word' id='word_1_103' title='bbox 528 2627 591 2667; x_wconf 93' lang='lat' dir='ltr'>cum</span> <span class='ocrx_word' id='word_1_104' title='bbox 610 2607 703 2668; x_wconf 91' lang='lat' dir='ltr'>adhuc</span> <span class='ocrx_word' id='word_1_105' title='bbox 724 2609 841 2669; x_wconf 86' lang='lat' dir='ltr'>ordines</span> <span class='ocrx_word' id='word_1_106' title='bbox 862 2608 999 2685; x_wconf 86' lang='lat' dir='ltr'>duceret,</span> <span class='ocrx_word' id='word_1_107' title='bbox 1025 2630 1122 2672; x_wconf 91' lang='lat' dir='ltr'>sacra·</span> 
     </span>
     <span class='ocr_line' id='line_1_18' title="bbox 129 2690 1122 2774; baseline 0.004 -22"><span class='ocrx_word' id='word_1_108' title='bbox 129 2701 224 2752; x_wconf 88' lang='lat' dir='ltr'>mento</span> <span class='ocrx_word' id='word_1_109' title='bbox 240 2690 364 2750; x_wconf 90' lang='lat' dir='ltr'>solutum</span> <span class='ocrx_word' id='word_1_110' title='bbox 381 2709 435 2769; x_wconf 91' lang='lat' dir='ltr'>per</span> <span class='ocrx_word' id='word_1_111' title='bbox 448 2708 563 2751; x_wconf 88' lang='lat' dir='ltr'>causam</span> <span class='ocrx_word' id='word_1_112' title='bbox 574 2691 737 2751; x_wconf 87' lang='lat' dir='ltr'>valitudinis</span> <span class='ocrx_word' id='word_1_113' title='bbox 750 2692 879 2770; x_wconf 87' lang='lat' dir='ltr'>tradunt)</span> <span class='ocrx_word' id='word_1_114' title='bbox 892 2692 1039 2771; x_wconf 92' lang='lat' dir='ltr'>publicum</span> <span class='ocrx_word' id='word_1_115' title='bbox 1055 2714 1122 2774; x_wconf 87' lang='lat' dir='ltr'>qua-</span> 
     </span>
     <span class='ocr_line' id='line_1_19' title="bbox 130 2775 1123 2854; baseline 0.004 -19"><span class='ocrx_word' id='word_1_116' title='bbox 130 2776 311 2852; x_wconf 82' lang='lat' dir='ltr'>dragesimae</span> <span class='ocrx_word' id='word_1_117' title='bbox 325 2776 354 2834; x_wconf 95' lang='lat' dir='ltr'>in</span> <span class='ocrx_word' id='word_1_118' title='bbox 370 2775 440 2834; x_wconf 83' lang='lat' dir='ltr'>Asia</span> <span class='ocrx_word' id='word_1_119' title='bbox 456 2776 531 2850; x_wconf 83' lang='lat' dir='ltr'>egit3</span> <span class='ocrx_word' id='word_1_120' title='bbox 547 2775 758 2854; x_wconf 88' lang='lat' dir='ltr'>manebantque</span> <span class='ocrx_word' id='word_1_121' title='bbox 771 2777 912 2854; x_wconf 83' lang='lat' dir='ltr'>imagines</span> <span class='ocrx_word' id='word_1_122' title='bbox 928 2795 944 2835; x_wconf 92' lang='lat' dir='ltr'>a</span> <span class='ocrx_word' id='word_1_123' title='bbox 958 2777 1123 2838; x_wconf 87' lang='lat' dir='ltr'>civitatibus</span> 
     </span>
     <span class='ocr_line' id='line_1_20' title="bbox 129 2851 1122 2937; baseline 0.004 -17"><span class='ocrx_word' id='word_1_124' title='bbox 129 2862 155 2920; x_wconf 95' lang='lat' dir='ltr'>ei</span> <span class='ocrx_word' id='word_1_125' title='bbox 168 2861 282 2937; x_wconf 88' lang='lat' dir='ltr'>positae</span> <span class='ocrx_word' id='word_1_126' title='bbox 297 2858 350 2917; x_wconf 90' lang='lat' dir='ltr'>sub</span> <span class='ocrx_word' id='word_1_127' title='bbox 366 2858 423 2918; x_wconf 92' lang='lat' dir='ltr'>hoc</span> <span class='ocrx_word' id='word_1_128' title='bbox 438 2859 534 2919; x_wconf 92' lang='lat' dir='ltr'>titulo:</span> <span class='ocrx_word' id='word_1_129' title='bbox 551 2855 671 2929; x_wconf 78' lang='grc' dir='ltr'><strong><em>Καλῶς</em></strong></span> <span class='ocrx_word' id='word_1_130' title='bbox 685 2851 919 2936; x_wconf 71' lang='lat' dir='ltr'>valeniacum.</span> <span class='ocrx_word' id='word_1_131' title='bbox 937 2860 1044 2922; x_wconf 88' lang='lat' dir='ltr'>Postea</span> <span class='ocrx_word' id='word_1_132' title='bbox 1062 2863 1122 2924; x_wconf 88' lang='lat' dir='ltr'>fae·</span> 
     </span>
     <span class='ocr_line' id='line_1_21' title="bbox 128 2942 1138 3022; baseline 0.003 -20"><span class='ocrx_word' id='word_1_133' title='bbox 128 2961 182 3002; x_wconf 90' lang='lat' dir='ltr'>nus</span> <span class='ocrx_word' id='word_1_134' title='bbox 199 2942 275 3022; x_wconf 88' lang='lat' dir='ltr'>apud</span> <span class='ocrx_word' id='word_1_135' title='bbox 288 2942 439 3003; x_wconf 89' lang='lat' dir='ltr'>Helvetios</span> <span class='ocrx_word' id='word_1_136' title='bbox 455 2944 586 3002; x_wconf 83' lang='lat' dir='ltr'>exercuit</span> <span class='ocrx_word' id='word_1_137' title='bbox 602 2942 700 3021; x_wconf 89' lang='lat' dir='ltr'>ibique</span> <span class='ocrx_word' id='word_1_138' title='bbox 716 2943 790 3003; x_wconf 89' lang='lat' dir='ltr'>diem</span> <span class='ocrx_word' id='word_1_139' title='bbox 811 2944 896 3020; x_wconf 87' lang='lat' dir='ltr'>obiit,</span> <span class='ocrx_word' id='word_1_140' title='bbox 913 2947 1138 3022; x_wconf 80' lang='lat' dir='ltr'>superstitibust</span> 
     </span>
     <span class='ocr_line' id='line_1_22' title="bbox 128 3025 1123 3106; baseline 0.006 -21"><span class='ocrx_word' id='word_1_141' title='bbox 128 3044 219 3086; x_wconf 88' lang='lat' dir='ltr'>uxore</span> <span class='ocrx_word' id='word_1_142' title='bbox 236 3027 383 3105; x_wconf 91' lang='lat' dir='ltr'>Vespasia</span> <span class='ocrx_word' id='word_1_143' title='bbox 397 3026 479 3088; x_wconf 89' lang='lat' dir='ltr'>Polla</span> <span class='ocrx_word' id='word_1_144' title='bbox 495 3035 524 3085; x_wconf 87' lang='lat' dir='ltr'>et</span> <span class='ocrx_word' id='word_1_145' title='bbox 538 3025 650 3085; x_wconf 87' lang='lat' dir='ltr'>duobus</span> <span class='ocrx_word' id='word_1_146' title='bbox 667 3045 705 3086; x_wconf 90' lang='lat' dir='ltr'>ex</span> <span class='ocrx_word' id='word_1_147' title='bbox 720 3045 754 3087; x_wconf 90' lang='lat' dir='ltr'>ea</span> <span class='ocrx_word' id='word_1_148' title='bbox 765 3027 876 3103; x_wconf 88' lang='lat' dir='ltr'>liberis,</span> <span class='ocrx_word' id='word_1_149' title='bbox 894 3045 1014 3106; x_wconf 89' lang='lat' dir='ltr'>quorum</span> <span class='ocrx_word' id='word_1_150' title='bbox 1028 3033 1123 3091; x_wconf 91' lang='lat' dir='ltr'>maior</span> 
     </span>
     <span class='ocr_line' id='line_1_23' title="bbox 129 3109 1123 3192; baseline 0.007 -24"><span class='ocrx_word' id='word_1_151' title='bbox 129 3109 251 3169; x_wconf 89' lang='lat' dir='ltr'>Sabinus</span> <span class='ocrx_word' id='word_1_152' title='bbox 267 3110 302 3170; x_wconf 90' lang='lat' dir='ltr'>ad</span> <span class='ocrx_word' id='word_1_153' title='bbox 325 3111 536 3189; x_wconf 75' lang='lat' dir='ltr'>praefecturam</span> <span class='ocrx_word' id='word_1_154' title='bbox 552 3110 646 3187; x_wconf 93' lang='lat' dir='ltr'>urbis,</span> <span class='ocrx_word' id='word_1_155' title='bbox 666 3112 759 3170; x_wconf 92' lang='lat' dir='ltr'>minor</span> <span class='ocrx_word' id='word_1_156' title='bbox 774 3112 969 3190; x_wconf 89' lang='lat' dir='ltr'>Vespasianus</span> <span class='ocrx_word' id='word_1_157' title='bbox 991 3113 1028 3173; x_wconf 90' lang='lat' dir='ltr'>ad</span> <span class='ocrx_word' id='word_1_158' title='bbox 1043 3119 1123 3192; x_wconf 93' lang='lat' dir='ltr'>prin·</span> 
     </span>
     <span class='ocr_line' id='line_1_24' title="bbox 128 3193 1122 3276; baseline 0.006 -24"><span class='ocrx_word' id='word_1_159' title='bbox 128 3194 251 3270; x_wconf 91' lang='lat' dir='ltr'>cipatum</span> <span class='ocrx_word' id='word_1_160' title='bbox 264 3212 354 3272; x_wconf 84' lang='lat' dir='ltr'>usque</span> <span class='ocrx_word' id='word_1_161' title='bbox 367 3195 521 3272; x_wconf 90' lang='lat' dir='ltr'>processit.</span> <span class='ocrx_word' id='word_1_162' title='bbox 545 3193 637 3269; x_wconf 88' lang='lat' dir='ltr'>Polla,</span> <span class='ocrx_word' id='word_1_163' title='bbox 651 3194 773 3255; x_wconf 88' lang='lat' dir='ltr'>Nursiae</span> <span class='ocrx_word' id='word_1_164' title='bbox 785 3195 908 3255; x_wconf 88' lang='lat' dir='ltr'>honesto</span> <span class='ocrx_word' id='word_1_165' title='bbox 920 3213 1031 3273; x_wconf 82' lang='lat' dir='ltr'>genere</span> <span class='ocrx_word' id='word_1_166' title='bbox 1046 3208 1122 3276; x_wconf 90' lang='lat' dir='ltr'>orta,</span> 
     </span>
     <span class='ocr_line' id='line_1_25' title="bbox 128 3277 1123 3356; baseline 0.008 -24"><span class='ocrx_word' id='word_1_167' title='bbox 128 3283 237 3351; x_wconf 91' lang='lat' dir='ltr'>patrem</span> <span class='ocrx_word' id='word_1_168' title='bbox 259 3277 356 3336; x_wconf 92' lang='lat' dir='ltr'>habuit</span> <span class='ocrx_word' id='word_1_169' title='bbox 377 3279 549 3356; x_wconf 92' lang='lat' dir='ltr'>Vespasium</span> <span class='ocrx_word' id='word_1_170' title='bbox 570 3277 749 3354; x_wconf 87' lang='lat' dir='ltr'>Pollionem,</span> <span class='ocrx_word' id='word_1_171' title='bbox 773 3289 819 3338; x_wconf 92' lang='lat' dir='ltr'>ter</span> <span class='ocrx_word' id='word_1_172' title='bbox 838 3278 978 3338; x_wconf 85' lang='lat' dir='ltr'>tribunum</span> <span class='ocrx_word' id='word_1_173' title='bbox 1000 3281 1123 3342; x_wconf 92' lang='lat' dir='ltr'>militum</span> 
     </span>
     <span class='ocr_line' id='line_1_26' title="bbox 127 3358 1139 3440; baseline 0.009 -27"><span class='ocrx_word' id='word_1_174' title='bbox 127 3358 364 3438; x_wconf 89' lang='lat' dir='ltr'>praefectumque</span> <span class='ocrx_word' id='word_1_175' title='bbox 381 3371 553 3436; x_wconf 89' lang='lat' dir='ltr'>castrorum,</span> <span class='ocrx_word' id='word_1_176' title='bbox 576 3361 693 3420; x_wconf 89' lang='lat' dir='ltr'>fratrem</span> <span class='ocrx_word' id='word_1_177' title='bbox 713 3371 875 3421; x_wconf 90' lang='lat' dir='ltr'>senatorem</span> <span class='ocrx_word' id='word_1_178' title='bbox 897 3365 1063 3440; x_wconf 86' lang='lat' dir='ltr'>praetoriae</span> <span class='ocrx_word' id='word_1_179' title='bbox 1082 3367 1139 3426; x_wconf 76' lang='lat' dir='ltr'>dia</span> 
     </span>
     <span class='ocr_line' id='line_1_27' title="bbox 126 3439 1123 3523; baseline 0.011 -28"><span class='ocrx_word' id='word_1_180' title='bbox 126 3439 240 3515; x_wconf 81' lang='lat' dir='ltr'>gnitatis</span> <span class='ocrx_word' id='word_1_181' title='bbox 284 3441 376 3495; x_wconf 62' lang='lat' dir='ltr'>lcum</span> <span class='ocrx_word' id='word_1_182' title='bbox 400 3445 478 3496; x_wconf 59' lang='lat' dir='ltr'>uum</span> <span class='ocrx_word' id='word_1_183' title='bbox 508 3443 536 3492; x_wconf 77' lang='lat' dir='ltr'>ul</span> <span class='ocrx_word' id='word_1_184' title='bbox 560 3451 670 3501; x_wconf 69' lang='lat' dir='ltr'>sextum</span> <span class='ocrx_word' id='word_1_185' title='bbox 692 3442 840 3503; x_wconf 76' lang='lat' dir='ltr'>miliarium</span> <span class='ocrx_word' id='word_1_186' title='bbox 861 3445 997 3505; x_wconf 88' lang='lat' dir='ltr'>aNursia</span> <span class='ocrx_word' id='word_1_187' title='bbox 1016 3446 1123 3523; x_wconf 90' lang='lat' dir='ltr'>Spole·</span> 
     </span>
    </p>
   </div>
   <div class='ocr_carea' id='block_1_6' title="bbox 0 0 1148 3944">
    <p class='ocr_par' dir='ltr' id='par_1_8' title="bbox 0 0 1148 3944">
     <span class='ocr_line' id='line_1_28' title="bbox 0 0 1148 3944; baseline 0 1"><span class='ocrx_word' id='word_1_188' title='bbox 0 0 1148 3944; x_wconf 95' lang='lat' dir='ltr'> </span> 
     </span>
    </p>
   </div>
  </div>
 </body>
</html>
