2286 3944
120 191 183 252 280
394 200 424 249 o.
448 160 613 249 sunrorur
632 201 849 262 caducorum
954 273 959 281 .

122 354 302 417 consuetudo
320 363 350 414 ut
367 363 575 433 componantur
597 365 731 435 pegmata
754 375 770 416 a
792 357 928 417 ludorum
952 359 1058 420 theatra

121 438 289 499 editoribus.
334 438 430 497 Sccna
448 446 557 514 autem,
578 457 653 518 quae
677 438 782 517 debat,
803 451 850 500 aut
866 443 987 502 versilis
1004 455 1058 505 erat

122 522 244 583 ductilis.
289 521 412 582 Versilis
425 531 492 581 tunc
507 531 578 600 erat,
594 541 658 582 cum
674 522 767 584 subito
783 533 842 584 tota
858 526 1002 587 machinis
1018 535 1058 606 qui

122 607 187 667 dam
202 605 426 666 convertebatur
441 615 470 666 et
485 606 569 666 aliam
584 608 714 684 picturae
729 607 834 667 faciem
850 611 1037 672 ostendebat.

123 691 199 750 ctilis
210 699 287 764 tunc,
304 708 368 749 cum
382 690 483 750 tractis
498 689 632 750 tabulatis
647 691 702 751 hac
717 700 804 770 atque
820 692 890 752 illac
905 696 1026 772 species
1040 715 1056 775 p

123 794 173 835 rae
188 773 349 834 nudabatur
369 774 487 833 interior
504 817 511 830 .
529 819 536 832 .
553 818 560 832 .
582 774 660 852 quod
674 776 769 835 Varro
786 785 815 835 et
830 777 990 838 Suetonius
1007 797 1058 839 con

123 868 245 919 morant.
291 856 419 918 Seroiata
431 857 474 916 cd
489 855 577 937 Verp.
595 857 705 937 Georq.
726 866 754 934 3,
772 867 820 918 24.

186 942 287 1003 Primis
309 950 402 1002 autern
422 941 615 1019 temporibus,
638 951 668 1001 ut
688 941 797 1001 adserit
810 941 1012 1023 Tranquillus,
1037 966 1058 1006 oi

125 1046 199 1106 quae
215 1029 242 1085 in
258 1043 346 1086 scena
361 1033 511 1086 versantur
527 1027 556 1085 iu
570 1024 722 1086 comoedia
737 1025 914 1103 agebantur;
937 1047 1004 1089 nam
1018 1041 1045 1091 et

123 1113 255 1172 tomimns
270 1118 299 1168 et
312 1108 464 1186 pythaules
479 1118 507 1168 et
520 1109 673 1170 choraules
685 1111 714 1168 in
729 1110 880 1171 comoedia
892 1113 1046 1174 canebant.

124 1197 188 1274 quia
213 1210 271 1253 non
285 1201 421 1271 poterant
436 1195 530 1254 omnia
548 1193 629 1253 simul
652 1192 728 1272 apud
750 1210 850 1254 omnes
868 1196 1000 1257 artifices
1021 1217 1056 1277 pa

123 1277 291 1354 excellere,
306 1276 330 1334 si
346 1277 394 1352 qui
411 1286 492 1336 erant
510 1279 585 1337 inter
601 1287 717 1338 actores
733 1277 949 1339 comoediarum
966 1300 1022 1359 pro
1038 1283 1058 1341 la

123 1371 181 1422 tate
204 1369 233 1420 et
250 1369 312 1420 arte
334 1361 482 1437 potiores,
504 1363 695 1440 principatum
724 1361 779 1420 sibi
800 1361 913 1422 artificii
932 1365 1058 1426 vindical

123 1446 172 1504 Sic
193 1444 298 1503 iactum
319 1451 378 1518 est,
404 1451 435 1501 ut
457 1443 622 1503 nolentibus
644 1444 751 1505 cedere
773 1445 864 1504 mimis
881 1447 910 1505 in
930 1451 1052 1509 artificio

123 1527 230 1601 ceteris
248 1527 393 1605 separatio
411 1527 495 1586 lieret
508 1527 694 1607 reliquorum.
737 1527 810 1588 Nam
825 1528 890 1588 dum
906 1534 1041 1610 potiores
1055 1536 1058 1592 i

122 1609 259 1686 rioribus,
283 1609 330 1689 qui
351 1610 378 1668 in
399 1613 474 1670 omni
494 1613 657 1688 ergasterio
680 1621 778 1688 eraut,
795 1614 907 1673 servire
923 1615 1058 1693 dedignar

122 1713 154 1754 se
169 1695 251 1772 ipsos
267 1712 283 1754 a
300 1693 448 1753 comoedia
465 1705 683 1774 separaverunt,
697 1713 733 1756 ao
744 1697 788 1756 sic
803 1696 910 1758 iactum
926 1709 972 1758 est
988 1709 1017 1759 ut
1032 1720 1058 1760 er

123 1779 171 1857 plo
189 1777 280 1836 semel
292 1786 405 1855 sumpto
422 1796 494 1838 unus
507 1781 627 1857 quisque
636 1781 705 1838 artis
721 1798 790 1841 suae
801 1798 862 1839 rem
877 1786 985 1862 exequi
996 1803 1058 1862 coep

121 1880 216 1941 neque
238 1863 266 1920 in
290 1860 469 1921 comoediam
484 1863 594 1922 venire.
640 1861 728 1924 (iuius
748 1865 791 1923 rei
809 1863 914 1926 indicia
930 1867 1057 1944 produnt

122 1945 168 2005 bis
183 1946 317 2025 antiquae
334 1945 520 2021 comoediae,
543 1948 571 2005 in
586 1947 688 2026 quibus
702 1949 875 2016 invenimus;
897 1959 963 2010 acta
976 1951 1055 2011 tibiis

122 2030 201 2090 ribus
219 2039 266 2090 aut
287 2028 444 2108 imparibus
465 2039 512 2090 aut
530 2031 664 2092 sarranis.
710 2031 829 2106 Quando
852 2032 927 2092 enim
952 2034 1058 2094 chorus

121 2114 224 2191 nebat,
250 2112 376 2174 choricis
400 2112 494 2190 tibiis,
521 2113 548 2173 id
576 2123 621 2174 est
648 2115 836 2191 choraulicis,
858 2117 964 2176 artifex
992 2137 1058 2178 com

121 2197 185 2264 bat:
214 2201 243 2257 in
273 2200 385 2258 cantico
412 2206 504 2256 autern
526 2197 698 2275 pythaulicis
718 2197 919 2277 responsabat.
965 2202 1027 2262 Sed
1051 2221 1058 2262 t

122 2281 239 2360 paribus
256 2280 333 2341 tibiis
354 2281 399 2340 vel
415 2281 570 2361 imparibus
586 2282 745 2342 invenimus
760 2283 911 2361 scriptum,
941 2285 999 2344 hoc
1019 2290 1058 2363 sig

121 2373 181 2424 cat:
205 2364 308 2442 quodsi
325 2365 440 2442 quando
462 2364 597 2425 monodio
620 2365 744 2442 agebat,
764 2385 848 2426 unam
869 2366 967 2437 tibiam
992 2371 1058 2429 inlla

119 2447 269 2523 siquando
286 2447 419 2524 synodio,
436 2457 582 2526 utrasque.
612 2447 777 2510 Diomedes
789 2448 852 2508 ΙΙΙ.
868 2468 899 2528 p.
910 2459 968 2511 489
983 2452 1019 2512 Ρ.
1038 2474 1058 2515 o

119 2535 212 2590 totum
228 2535 324 2606 capot
337 2529 401 2589 iam
419 2531 491 2591 inde
505 2549 527 2591 o
542 2550 575 2610 p.
594 2540 663 2592 482.
686 2533 832 2595 Suetonio
847 2532 955 2594 deberi
967 2535 1058 2598 oidctt

180 2613 247 2672 Sica
270 2631 286 2672 a
304 2613 430 2672 secando
453 2615 529 2674 dicta
552 2615 806 2696 ...Tranquillus
832 2626 925 2678 autem
942 2618 1029 2681 dicit:
1053 2628 1058 2675 t

120 2697 265 2758 cuiusdam
287 2695 458 2773 gladiatoris
485 2700 513 2756 in
530 2697 626 2773 ludum
647 2703 742 2760 emissi
755 2701 869 2779 gladius
893 2711 1030 2764 curvatus
1053 2708 1058 2763 l

118 2791 163 2841 set
181 2800 219 2841 ex
235 2781 297 2842 acie
313 2788 402 2856 recta,
419 2783 565 2858 procurrit
585 2801 656 2842 unus
671 2784 706 2844 ad
722 2785 749 2844 id
766 2785 986 2862 corrigendum,
1005 2797 1058 2847 tum

118 2883 134 2924 a
151 2874 297 2944 pugnante
312 2881 484 2944 responsum
503 2874 562 2926 est:
580 2867 623 2925 sic
637 2867 691 2928 hac
707 2867 853 2946 pugnabo.
883 2868 954 2928 lnde
970 2871 1052 2931 sicae

116 2967 182 3008 men
200 2949 295 3009 datum
312 2957 366 3008 est.
409 2945 555 3011 Isidorus
570 2951 689 3030 etymol.
707 2959 757 3024 18,
778 2961 805 3027 6,
829 2960 858 3013 8.

180 3033 277 3094 Bithus
300 3041 328 3092 et
347 3033 488 3094 Bacchius
516 3034 706 3111 gladiatorum
734 3037 846 3096 nomina
874 3036 1023 3098 celebrata
1046 3059 1058 3098 a

117 3117 283 3177 Suetonium
297 3116 493 3196 Tranquillum
508 3118 561 3177 sub
573 3119 717 3196 Augusto.
763 3120 817 3194 Qui
833 3138 896 3179 cunr
912 3122 1018 3181 multos
1034 3125 1058 3182 in

116 3201 267 3278 emissent,
292 3203 436 3262 commissi
459 3202 533 3261 inter
553 3221 585 3262 se
607 3203 709 3263 mutuis
729 3203 897 3264 vulneribus
918 3206 1058 3266 concider

115 3282 151 3342 Et
168 3304 232 3344 cum
248 3285 352 3345 eodem
368 3296 500 3364 tempore
518 3286 620 3346 mulier
636 3305 709 3347 cuae
725 3296 835 3366 septem
854 3288 1013 3366 extulerat,
1031 3311 1058 3350 nt

112 3375 158 3425 ret
170 3368 197 3425 ei
212 3369 259 3446 qui
271 3387 378 3428 uvares
394 3379 498 3428 semu
526 3388 634 3412 ‘mma
686 3372 870 3430 ur*maritum
885 3380 929 3431 est
942 3374 1058 3452 epigrar

112 3447 258 3504 {aaliz¹¹¹⁴ss
326 3451 423 3496 'thim
524 3479 528 3495 ·,
589 3487 599 3496 r.
665 3487 670 3496 .
822 3464 856 3516 ’,9.
