2256 3930
408 236 511 284 nunus
528 235 709 283 cosumus
1000 223 1058 283 165

61 411 150 454 causa
172 390 310 469 quosdam
334 391 538 465 conunitteret,
562 389 597 449 de
619 388 766 449 fabrorum
791 406 906 466 quoque
927 406 961 448 ac
977 388 1058 446 mini·

61 486 186 537 strorum
199 484 284 552 atque
300 473 329 533 id
346 491 438 549 genus
453 491 586 549 numero,
607 474 631 531 si
645 482 817 532 automatum
832 473 879 530 vel
893 490 998 550 pegma
1012 471 1059 530 vel

62 560 130 639 quid
148 559 205 617 tale
221 556 296 617 aliud
311 575 411 635 parum
428 559 574 616 cessisset.
610 555 723 615 lnduxit
738 565 766 616 et
781 575 865 615 unum
883 574 921 614 ex
942 573 1059 614 nomen·

63 641 240 704 culatoribus
256 642 331 717 suis,
349 642 392 699 sic
412 650 440 699 ut
457 650 519 700 erat
531 649 656 716 togatus.

32 743 47 782 5
129 726 186 785 Sed
207 725 275 783 nihil
299 743 391 802 aeque
415 743 497 802 quam
518 724 631 783 timidus
655 742 689 784 ac
712 722 844 782 diflidens
860 723 921 782 iuit.
958 722 1103 783 Primisbh

61 812 175 889 imperii
197 807 297 868 diebus
323 825 508 885 quamquam,
540 817 569 866 ut
597 807 735 883 diximus,
761 808 883 866 iactator
908 805 1059 880 civilitatis,

62 913 158 971 neque
176 893 308 951 convivia
324 894 396 950 inire
413 911 498 951 ausus
514 901 559 950 est
581 893 636 950 nisi
655 900 685 950 ut
703 890 905 968 speculatores
923 907 987 949 cum
1002 889 1060 947 lan·
1078 959 1081 965 Ι

64 979 124 1038 ceis
142 978 359 1035 circumstarent
378 975 540 1053 militesque
561 978 627 1034 vice
650 976 844 1032 ministrorum
861 974 1061 1050 iungerentur,
1085 987 1088 997 ²

63 1079 159 1139 neque
175 1077 294 1136 aegrum
312 1076 483 1135 quemquam
498 1060 623 1119 visitavit
637 1060 692 1116 nisi
709 1058 862 1136 explorato
886 1059 965 1135 prius
983 1055 1060 1115 cubi·

27 1158 54 1199 ιο
65 1146 132 1206 culo
152 1144 322 1220 culcitisque
342 1151 371 1201 et
387 1143 523 1218 stragulis
538 1144 755 1220 praetemptatis
772 1150 800 1200 et
812 1143 957 1200 excussis.
983 1139 1061 1201 nen-

63 1245 121 1306 quo
135 1235 368 1303 autemtempure
380 1226 583 1285 salutatoribus
596 1234 773 1286 scrutatores
789 1243 905 1302 semper
917 1224 1062 1302 apposuit,

64 1310 223 1388 etquidem
242 1309 372 1370 omnibus
388 1319 418 1369 et
433 1310 646 1369 acerbissimos.
677 1310 752 1369 Sero
770 1311 843 1368 enim
858 1327 894 1368 ac
913 1311 961 1367 vix
978 1308 1062 1366 remi·

64 1398 116 1471 sit,
133 1413 169 1453 ne
190 1394 314 1453 feminae
332 1395 562 1472 praetextatique
575 1395 657 1472 pueri
673 1402 703 1452 et
716 1392 832 1470 puellae
846 1400 1062 1452 contrectaren-

63 1489 124 1554 tur,
143 1486 172 1536 et
186 1495 222 1536 ne
235 1479 315 1536 cuius
332 1479 427 1537 comiti
443 1487 490 1536 aut
501 1477 619 1538 librario
633 1477 804 1536 calamariae
820 1485 868 1536 aut
879 1476 1063 1554 graphiariae
1079 1503 1083 1536 ;

31 1581 55 1623 u
64 1562 168 1622 thecae
182 1561 384 1620 adimerentur.
413 1561 492 1621 hlotu
511 1561 588 1620 civili
607 1580 671 1620 cum
686 1579 750 1620 eum
767 1558 920 1636 Camillus,
941 1576 999 1618 nou
1015 1558 1063 1616 du·

63 1646 159 1706 bitans
172 1646 258 1704 etiam
274 1645 344 1703 citra
359 1644 466 1703 bellum
488 1661 577 1723 posse
599 1647 720 1720 terreri,
746 1645 955 1704 contumeliosa
970 1652 1000 1702 et
1014 1643 1064 1700 mi·

63 1731 129 1790 naci
152 1737 181 1786 et
205 1730 366 1788 contumaci
387 1730 511 1806 epistula
527 1728 633 1789 cedere
650 1729 772 1806 imperio
790 1729 904 1788 iuberet
920 1729 1064 1804 vitamque

64 1815 188 1873 otiosam
209 1812 238 1869 in
256 1813 367 1890 privata
389 1830 421 1870 re
444 1831 547 1889 agere,
569 1813 708 1872 dubitavit
732 1811 864 1872 adhibitis
886 1809 1064 1890 principibus

64 1897 152 1971 viris,
168 1913 203 1954 un
215 1904 441 1973 optemperaret.
455 1897 598 1970 Quasdam
610 1896 728 1956 insidias
740 1905 851 1956 temere
867 1895 978 1954 delatas
990 1893 1063 1954 adeo
1072 1896 1109 1952 36

27 1979 200 2058 aoexpavit‚
226 1987 256 2036 ut
285 1978 433 2056 deponere
459 1982 609 2058 imperium
631 1983 824 2057 temptaverit.
859 1978 1006 2053 Quodam,
1036 1985 1066 2034 ut

63 2081 152 2141 supra
164 2062 277 2138 rettuli,
297 2081 360 2120 cum
375 2063 456 2122 ferro
483 2065 561 2123 circa
581 2065 792 2123 sacrificantem
814 2081 846 2122 se
869 2061 1065 2140 deprehenso,

64 2154 195 2205 senatum
216 2163 271 2223 per
293 2163 457 2222 praecones
480 2165 608 2225 propere
631 2149 804 2205 convocavit
831 2147 1015 2222 lacrimisque
1038 2151 1067 2202 et

62 2229 276 2288 vociferatione
294 2230 445 2289 miseratus
462 2239 507 2288 est
526 2230 719 2289 conditionem
741 2248 838 2305 suam,
863 2231 907 2288 cui
924 2228 993 2286 nihil
1014 2228 1066 2286 tuti

63 2329 185 2389 usquam
207 2320 302 2388 esset,
325 2330 360 2372 ac
381 2312 428 2371 diu
448 2314 565 2391 publico
590 2314 733 2372 abstinuit.
757 2313 930 2373 Messalinae
950 2329 1067 2390 quoque

22 2414 52 2454 25
66 2412 193 2456 amorem
215 2395 464 2472 flagrantissimum
486 2415 544 2456 non
566 2407 622 2456 tam
641 2397 809 2474 indignitate
831 2397 1067 2457 contumeliarum

64 2496 151 2557 quam
169 2479 290 2556 periculi
306 2488 383 2538 metu
397 2481 517 2558 abiecit,
535 2500 598 2540 cum
615 2481 746 2542 adultero
762 2481 833 2541 Silio
849 2481 960 2559 adquiri
976 2482 1065 2558 impe·

62 2566 138 2622 rium
156 2562 341 2633 credidisset;
359 2580 417 2640 quo
434 2573 566 2644 tempore
581 2566 698 2625 foedum
713 2567 741 2624 in
755 2565 869 2624 modum
884 2565 1014 2642 trepidus
1031 2561 1066 2622 ad

66 2654 162 2705 eastra
180 2645 326 2722 confugit,
347 2647 416 2707 nihil
430 2657 491 2709 tota
506 2650 552 2709 via
569 2668 653 2728 quam
667 2657 785 2710 essetne
798 2649 861 2711 sihi
873 2649 995 2708 salvom
1010 2647 1064 2706 im·

61 2729 185 2807 perium
201 2731 364 2806 requirens.
392 2730 479 2792 Nulla
507 2733 581 2792 adeo
604 2735 749 2812 suspicio,
770 2734 865 2794 nullus
890 2741 991 2792 auctor
1011 2731 1106 2789 lambi

19 2830 53 2871 so
65 2814 141 2872 levis
154 2814 264 2889 extitit,
277 2831 293 2873 a
306 2831 362 2892 quo
375 2832 432 2874 non
443 2816 582 2876 mediocri
594 2818 731 2895 scrupulo
739 2819 846 2877 iniecto
859 2816 894 2876 ad
908 2815 1067 2875 cavendum

64 2895 322 2975 ulciscendumque
338 2900 571 2977 compelleretur.
594 2901 675 2962 Unus
688 2919 725 2960 ex
740 2899 934 2978 litigatoribus
946 2897 1067 2958 seducto

65 2983 95 3040 in
111 2979 284 3040 salutatione
300 2981 465 3061 affirmavit,
488 2983 596 3044 vidisse
613 3003 645 3045 sc
661 3003 715 3063 per
733 2987 859 3062 quietem
885 2982 982 3042 occidi
1003 2999 1068 3041 eum

66 3063 237 3140 aquodam;
262 3064 327 3124 deiu
346 3066 432 3144 paulo
448 3076 531 3146 post,
554 3069 637 3146 quasi
658 3086 864 3146 percussorem
880 3074 1067 3143 agnosceret,

65 3146 362 3209 libellumtradentem
371 3149 566 3212 adversarium
578 3170 658 3210 suum
670 3151 889 3212 demonstravit:
904 3150 1067 3210 confestim·

25 3242 57 3284 ab
66 3248 123 3308 que
135 3232 159 3290 is
172 3250 225 3310 pro
240 3232 386 3311 deprenso
401 3234 436 3294 ad
448 3252 571 3312 poenam
586 3244 684 3314 raptus
697 3245 750 3295 est.
767 3237 832 3296 Pari
844 3234 930 3296 modo
944 3251 1067 3312 oppres·

67 3332 130 3374 sum
145 3315 240 3375 ierunt
253 3315 381 3395 Appium
398 3317 537 3383 Silanum:
555 3336 640 3396 quem
656 3337 719 3379 cum
734 3319 889 3380 Messalina
906 3327 935 3378 et
950 3316 1066 3380 Narcis-
1095 3328 1101 3340 '

67 3416 116 3457 sus
133 3401 351 3478 conspirassent
367 3401 508 3480 perdere,
524 3401 623 3463 divisis
638 3402 784 3482 partibus,
802 3405 875 3466 alter
891 3412 957 3464 ante
973 3402 1069 3463 lucem

67 3481 168 3543 similis
189 3485 329 3562 attonito,
351 3487 466 3565 patroni
489 3485 651 3550 crubiculum
674 3488 798 3568 inrupit,
823 3489 968 3550 affirmans
992 3503 1068 3550 som·
