2286 3944
16 592 35 673 a,
186 556 230 642 o.
262 559 501 644 suuuonn
529 559 868 648 unnuouuum

10 671 169 887 {nu
221 742 452 842 vrun
508 741 1019 845 cassanum
1080 887 1082 890 Α

442 933 579 998 LIBER
603 933 642 996 V.

288 1092 460 1165 nlvus
493 1093 780 1170 susumus

64 1542 182 1587 cronem
199 1526 399 1603 praenomine,
428 1525 525 1602 Livia,
555 1544 618 1584 oum
633 1525 765 1604 Augusto
782 1526 902 1603 gravida
924 1530 1035 1607 nupsis-

86 1653 96 1686 ,
127 1611 201 1668 intra
225 1627 353 1667 mensem
376 1611 489 1668 tertium
517 1611 647 1689 peperit,
681 1611 791 1690 fuitque
821 1612 966 1689 suspicio,
998 1633 1037 1675 ex

56 1694 65 1710 ”
92 1693 138 1752 'co
151 1710 204 1770 per
219 1691 351 1752 adulterii
368 1693 604 1753 consuetudinem
622 1703 814 1773 procreatum.
842 1695 942 1755 Statim
956 1706 1036 1757 certe

10 1848 46 1898 d
72 1776 170 1854 lqatns
185 1785 230 1835 est
245 1794 363 1851 versus:

241 1864 311 1932 Τοῖς
328 1850 483 1936 εὐτυχοῦσι
497 1858 547 1919 καὶ
565 1861 692 1939 τρίμηνα
706 1860 819 1921 παιδία.

10 1900 190 2259 {Drusus
215 1945 243 2002 in
260 1952 433 2021 quaesturae
460 1953 670 2024 praeturaeque
695 1945 807 2005 honore
830 1944 888 2004 dux
912 1946 1037 2024 Raetici,

10 1428 215 1837 Ξὴικιι
243 1438 343 1500 Claudi
372 1439 507 1501 Caesaris
533 1441 671 1519 Drusum,
705 1442 772 1502 olim
797 1441 946 1503 Decimum
969 1461 1061 1515 mox]

73 2027 139 2088 lude
169 2026 329 2088 Germanici
357 2027 427 2087 belli
458 2027 604 2088 Oceanum
634 2028 899 2106 septemtrionalem
928 2031 1038 2108 primus

61 2128 229 2175 omanorum
253 2111 354 2172 ducum
374 2113 522 2189 navigavit
543 2121 680 2191 transque
701 2111 832 2172 Rhenum
852 2112 948 2173 fossas
969 2115 1038 2174 novi

56 2262 59 2267 ,
85 2197 215 2258 immensi
237 2197 336 2274 operis
358 2196 474 2271 effecit,
505 2214 578 2275 quae
606 2214 681 2255 nunc
705 2193 798 2255 adhuc
822 2195 963 2256 Drusinae
985 2216 1036 2258 vo-

92 2289 147 2340 tur.
190 2279 310 2339 Hostem
331 2281 416 2339 etiam
437 2280 606 2357 frequenter
626 2297 742 2340 caesum
766 2296 801 2339 ac
822 2280 935 2358 penitus
952 2281 982 2340 in
996 2283 1037 2341 iu·

86 2383 117 2425 as
145 2363 315 2424 solitudines
344 2372 438 2423 actum
464 2382 522 2424 non
551 2364 630 2442 prius
655 2363 763 2423 destitit
793 2364 922 2442 insequi,
953 2381 1038 2444 quam

42 2448 153 2528 'species
169 2447 310 2508 barbarae
332 2447 476 2524 mulieris,
506 2447 626 2508 humana
651 2447 788 2526 amplior,
818 2449 960 2508 victorem
976 2458 1036 2510 ten-

42 2528 106 2593 dere
121 2532 196 2592 ultra
213 2547 346 2590 sermone
363 2531 463 2591 Latino
480 2531 686 2609 prohibuisset.
718 2531 797 2606 Quas
814 2531 851 2592 oh
867 2550 916 2591 res
932 2533 1037 2592 ouandi

42 2616 82 2677 lus
104 2625 133 2676 et
152 2615 333 2694 triumphalia
356 2624 521 2675 ornamenta
543 2616 687 2695 percepit;
719 2634 754 2676 ac
779 2624 846 2694 post
874 2624 1037 2694 praeturam

42 2700 189 2761 confestim
202 2700 272 2758 inito
296 2699 445 2760 consulatu
462 2708 545 2778 atque
562 2700 746 2779 expeditione
762 2700 903 2778 repetita,
935 2717 1036 2778 supre-

40 2798 109 2844 mum
125 2783 201 2843 diem
223 2781 325 2842 morbo
342 2783 414 2843 obiit
433 2785 462 2842 in
486 2785 603 2844 aestivis
619 2785 738 2860 castris,
770 2801 844 2862 quae
861 2801 899 2842 ex
913 2798 949 2842 eo
967 2783 1036 2842 Sce-

39 2864 126 2929 lerata
142 2875 207 2927 sunt
228 2867 383 2945 appellata.
429 2864 543 2946 Corpus
563 2869 624 2927 eius
645 2886 699 2946 per
720 2867 938 2945 municipiorum
957 2865 1036 2926 colo·

39 2953 203 3031 nitrumque
225 2953 384 3030 primores,
414 2952 637 3030 suscipientibus
657 2950 750 3010 obviis
772 2949 928 3010 scribarum
951 2947 1036 3008 decu·

38 3038 92 3115 ris,
123 3038 157 3098 ad
171 3036 276 3097 urbem
297 3036 449 3095 devectum
472 3035 673 3114 sepultumque
691 3044 737 3093 est
757 3035 785 3093 in
804 3048 906 3110 campo
922 3032 1035 3092 Martio.

39 3119 173 3182 (laterum
198 3122 344 3180 exercitus
366 3119 549 3180 honorarium
573 3121 600 3179 ei
620 3117 755 3178 tumulum
776 3117 928 3191 excitavit,
959 3117 1037 3183 circa

36 3222 122 3285 quem
137 3206 276 3284 deinceps
291 3212 365 3264 stato
385 3203 431 3263 die
446 3211 516 3283 quot
533 3204 614 3262 annis
636 3202 719 3260 miles
741 3202 911 3262 decurreret
932 3198 1036 3260 Gallia·

38 3306 154 3371 rumque
181 3290 313 3351 civitates
337 3287 454 3367 publice
482 3285 689 3364 supplicarent.
734 3285 890 3346 Praeterea
922 3291 1038 3345 senatus

38 3384 110 3437 mter
124 3375 181 3436 alia
197 3373 346 3452 complura
364 3388 554 3432 marmoreum
570 3387 667 3429 arcum
686 3388 748 3429 cum
766 3367 897 3511 troppqis
912 3368 959 3427 via
976 3365 1036 3447 Ap·
