2256 3930
121 213 158 273 12
205 225 234 273 c.
251 224 398 273 sunuom
415 224 541 284 nanno.
558 225 606 271 nn
620 226 704 272 utun
720 224 908 274 cassanum
922 226 1041 275 n1n.1.

118 398 191 440 mam
212 379 340 456 redegit,
362 381 447 456 eique
464 378 531 415 *⁴³*
551 379 579 436 in
594 380 726 456 singulos
744 397 835 440 annos
856 379 1002 458 stipendii
1017 381 1125 441 nomine

119 464 260 542 inposuit;
280 462 455 539 Germanos,
472 463 520 540 qui
536 471 613 522 trans
631 463 762 524 Rhenum
779 463 925 541 incolunt,
944 467 1061 542 primus
1075 465 1124 526 llo

117 564 264 607 manorum
286 554 375 625 ponte
398 546 541 605 fabricato
562 545 736 623 adgressus,
758 546 890 607 maximis
906 546 1024 609 adiecit
1048 548 1125 608 cladi·

118 632 186 699 bus;
210 629 367 706 adgressus
384 639 429 689 est
446 638 475 688 et
490 628 641 690 Britannos
659 632 779 707 ignotos
796 640 896 708 antea,
919 633 1124 711 superatisque

118 715 255 795 pecunias
279 722 308 772 et
329 712 447 773 obsides
467 714 632 790 imperavit:
660 732 714 792 per
736 723 780 775 tot
801 733 962 776 successus
984 724 1052 794 ter,
1078 733 1123 775 nec

119 798 255 877 amplius,
278 796 429 858 adversum
452 815 549 857 casum
576 807 731 877 expertus:
759 799 788 857 in
810 797 962 859 Britannia
984 799 1124 860 elasseri

118 882 299 960 tempestatis
319 900 413 961 prope
434 881 602 958 absumpta,
624 889 653 941 et
675 883 703 941 in
720 881 813 943 Gallia
832 882 868 942 ad
886 882 1074 961 Gergoviam
1093 884 1123 943 le

118 969 206 1046 gione
222 965 302 1041 lusa,
319 974 347 1024 et
363 967 391 1024 in
407 965 613 1026 Germanorum
631 965 735 1025 linibus
751 965 862 1026 'litorio
880 975 910 1026 et
928 966 1123 1028 Aurunculeio

78 1051 223 1127 ablegatis
241 1066 293 1127 per
310 1049 427 1109 insidias
446 1050 550 1108 caesis.
594 1048 706 1108 Eodem
726 1051 870 1127 temporis
892 1052 995 1129 spatio
1012 1060 1123 1112 matrem

119 1137 227 1213 primo,
251 1132 354 1192 deinde
371 1133 470 1208 filiam,
489 1150 544 1191 nec
559 1132 648 1192 multo
667 1142 735 1212 post
749 1142 887 1212 nepotem
904 1134 1014 1195 amisit.
1055 1134 1123 1195 luter

120 1237 211 1297 quae,
228 1225 412 1276 consternata
424 1215 506 1275 Publi
521 1214 606 1275 Clodi
622 1217 713 1276 caede
729 1235 761 1276 re
778 1217 913 1295 publica,
931 1237 999 1279 cum
1015 1227 1122 1279 senatus

119 1320 204 1362 unum
226 1299 374 1360 consulem
395 1301 617 1378 nominatimque
640 1301 768 1363 Gnaeum
788 1300 962 1380 Pompeium
976 1303 1046 1363 lieri
1066 1320 1122 1363 cen·

120 1387 242 1459 suisset,
259 1384 319 1461 egit
335 1402 398 1444 cum
413 1383 533 1443 tribunis
552 1384 647 1462 plebis
664 1385 810 1461 collegam
832 1403 865 1445 se
880 1385 1031 1465 Pompeio
1046 1385 1121 1447 desti

120 1467 269 1541 nantibus,
289 1466 317 1525 id
339 1468 434 1545 potius
450 1467 485 1527 ad
500 1468 639 1546 populum
656 1469 767 1529 ferrent
780 1476 811 1528 ut
825 1469 941 1530 absenti
957 1469 1028 1547 sibi,
1045 1487 1121 1549 quan·

121 1553 217 1629 doque
234 1552 345 1629 imperii
360 1561 474 1630 tempus
492 1552 606 1630 expleri
620 1552 784 1630 coepisset,
800 1555 902 1631 petitio
920 1553 1048 1615 secundi
1063 1570 1121 1613 con·

121 1636 230 1695 sulatus
253 1634 383 1712 daretur,
403 1654 441 1694 ne
465 1654 500 1695 ea
524 1654 609 1696 causa
631 1636 770 1696 maturius
792 1645 822 1696 et
842 1637 1014 1716 inperfecto
1040 1636 1124 1699 adbuc

120 1719 200 1779 bello
217 1718 382 1778 decederet.
427 1719 510 1793 Quod
527 1728 556 1778 ut
571 1719 693 1798 adeptus
709 1727 770 1795 est,
793 1720 896 1782 altiora
912 1721 970 1782 iam
987 1722 1122 1784 meditans

122 1812 150 1863 et
176 1803 240 1880 spei
265 1803 367 1881 plenus
389 1803 496 1862 nullum
517 1803 680 1880 largitionis
708 1812 755 1863 aut
778 1803 943 1864 officiorum
973 1806 1006 1865 in
1034 1822 1122 1884 quem·

122 1905 206 1964 quam
227 1904 319 1962 genus
338 1885 454 1964 publice
478 1888 669 1964 privatimque
694 1887 800 1946 omisit.
843 1886 952 1948 Forum
975 1889 1016 1949 de
1035 1906 1123 1949 manu·

121 1970 176 2030 biis
192 1970 352 2047 inchoavit,
379 1971 458 2030 cuius
481 1988 548 2030 aren
568 1989 657 2049 super
682 1972 846 2031 sestertium
866 1972 962 2033 milies
988 1973 1122 2034 constitit.

121 2055 222 2115 Munus
244 2055 353 2133 populo
378 2055 553 2135 epulumque
574 2054 769 2133 pronuntiavit
791 2055 820 2114 in
847 2056 925 2117 liliae
946 2058 1124 2131 memoriam,

123 2137 198 2217 quod
219 2148 285 2198 ante
306 2157 498 2198 commemo·
526 2139 653 2214 Quorum
670 2146 700 2196 ut
717 2156 802 2216 quam
817 2140 940 2200 maxima
957 2140 1124 2219 expectatio

122 2232 217 2298 esset,
240 2241 273 2283 ea
296 2241 369 2301 quae
391 2222 427 2283 ad
449 2222 564 2300 epulum
586 2223 781 2300 pertinerent,
809 2225 940 2301 quamvis
961 2224 1125 2285 macellaris

122 2306 271 2381 ablocnta,
292 2308 377 2366 etiam
393 2306 600 2366 domesticatim
617 2305 787 2384 apparabat.
826 2306 1016 2368 Gladiatores
1032 2316 1124 2381 notos,

122 2390 212 2450 sicubi
236 2390 349 2449 infestis
372 2389 585 2467 spectatoribus
601 2389 782 2466 dimicarent,
806 2391 834 2449 vi
856 2390 1019 2470 rapiendos
1033 2409 1124 2451 neser

122 2473 291 2550 vaudosque
312 2472 472 2533 mandabat.
517 2474 640 2533 Tirones
660 2491 756 2551 neque
771 2475 799 2532 in
820 2473 887 2534 ludo
902 2492 1004 2554 neque
1020 2492 1075 2554 per
1088 2474 1123 2533 la·

123 2558 229 2631 cistas,
249 2556 300 2615 sed
316 2558 344 2615 in
360 2556 489 2616 domibus
505 2576 559 2635 per
576 2558 689 2636 equites
704 2559 852 2617 Romanos
868 2566 956 2636 atque
972 2561 1061 2619 etiam
1077 2575 1122 2637 per

124 2648 275 2700 senatores
291 2658 432 2700 armorum
446 2643 556 2718 peritos
572 2640 738 2717 erudiebat,
751 2641 890 2719 precibus
906 2642 1035 2720 enitens,
1052 2640 1125 2721 quod

125 2724 256 2803 epistulis
266 2726 327 2784 eius
338 2724 506 2801 ostenditur,
517 2735 545 2784 ut
554 2725 734 2804 disciplinam
747 2726 1124 2806 singulornmsusciperent

123 2811 237 2888 ipsique
259 2809 362 2868 dictata
383 2809 586 2868 exercentibus
609 2809 718 2868 darent.
754 2808 932 2887 legionibus
953 2809 1123 2890 stipendium

124 2895 152 2953 in
169 2902 340 2972 perpetuum
357 2893 522 2971 duplicavit.
566 2893 765 2970 Frumentum,
783 2893 918 2971 quotiens
935 2896 1025 2973 copia
1038 2902 1123 2967 esset,

125 2980 210 3038 etiam
235 2978 296 3036 sine
316 2978 402 3037 modo
418 2996 609 3055 mensuraque
626 2975 772 3055 praebuit,
795 2995 830 3036 ac
852 2977 967 3054 singula
987 2979 1124 3038 interdum

82 3070 114 3127 27
123 3064 264 3141 mancipia
281 3082 297 3121 e
315 3062 421 3141 praeda
436 3063 540 3121 viritim
556 3061 642 3120 dedit.
673 3060 720 3119 Ad
739 3060 916 3137 retinendam
932 3070 1030 3122 autem
1047 3063 1123 3122 Pom·

126 3149 174 3228 pei
195 3147 437 3206 necessitudinem
455 3163 489 3204 ac
508 3145 684 3204 voluntatem
701 3143 848 3204 Octaviam
865 3146 977 3205 sororis
994 3164 1066 3207 snae
1080 3162 1123 3205 nc·

126 3242 220 3312 ptem,
238 3250 310 3309 quae
325 3231 395 3292 Gaio
408 3229 547 3289 Marcello
561 3238 647 3306 nupta
664 3238 741 3304 erat,
760 3227 959 3288 condicionem
976 3232 1005 3290 ei
1021 3230 1122 3303 detulit,

127 3316 239 3392 sibique
256 3316 340 3374 liliam
358 3317 419 3373 cius
435 3316 463 3371 in
478 3314 684 3372 matrimonium
699 3313 783 3391 petit,
799 3312 906 3372 Fausto
924 3313 1027 3374 Sullae
1044 3314 1122 3374 desti·

127 3409 230 3458 natam.
276 3399 412 3457 Omnibus
433 3415 504 3457 vero
528 3399 688 3456 circaeam
710 3405 796 3474 atque
818 3397 902 3456 etiam
924 3407 1010 3475 parte
1026 3413 1122 3475 magna

128 3492 243 3542 senatus
259 3484 384 3560 gratuito
407 3491 453 3541 aut
476 3482 533 3540 levi
549 3481 671 3541 foenore
687 3480 849 3557 obstrictis,
872 3497 910 3539 ex
925 3480 1043 3561 reliquo
1062 3498 1122 3561 quo·
