2286 3944
425 236 632 287 rasurarum
910 239 980 287 mxv
1061 295 1063 297 ,

10 438 28 476 3
133 397 259 468 Denique
274 393 537 450 beneficiotiudiani
553 394 669 466 codicis,
685 403 713 452 et
725 398 822 471 optimi
838 405 866 454 et
877 399 977 456 abice-

10 525 25 562 ι
61 483 117 540 bio
135 479 344 537 accuratissime
361 477 467 548 collati,
482 479 638 535 factumest
655 487 685 535 ut
698 483 915 555 orthographica
931 501 976 545 ra-

10 607 30 646 ,
64 567 110 623 tio
125 566 209 637 paula
223 562 388 633 diligentius
400 579 479 634 quam
494 563 583 619 adbuc
600 565 700 622 lactum
712 572 772 622 erat
783 567 893 622 institui
908 585 976 639 pos-

10 679 33 730 3
61 656 121 708 set.
153 649 220 704 Eius
233 647 305 702 enim
320 646 485 703 anctoritate
496 647 587 717 biota
602 647 765 718 Crassicius,
779 649 897 706 Parcius
912 648 976 726 (ad-

10 776 28 814 ,Ι
65 734 177 790 dendus
203 732 256 786 iuit
275 726 425 805 Albucius)
450 731 598 801 alitteru,
627 738 683 786 tum
705 733 832 803 Dionysi,
854 735 976 806 Pompei,
1066 761 1069 766 ·

18 818 36 896 ’ᾗ
64 817 201 885 venatici,
221 814 382 885 Brundusi,
405 815 487 872 etiarn
503 817 603 886 repetit
625 833 654 888 p.
669 822 739 886 260,
764 822 799 876 36
817 817 937 890 simplici
958 822 976 889 i,

10 941 37 981 Ι
64 901 171 957 deinde
193 893 414 973 praenomina‘⁷)
432 905 460 955 et
479 893 631 957 numera-lia
654 901 701 957 vel
726 900 851 956 omnibus
873 901 975 958 litteris

10 1017 37 1063 ι
65 985 116 1041 vel
135 978 318 1056 compendiis,
332 989 474 1055 postremo
489 992 594 1053 auctor,
612 987 705 1055 catari,
722 1000 817 1051 causa,
835 987 920 1056 mitia,
934 987 975 1040 lit-

65 1076 160 1137 laraa,
174 1084 315 1128 nummum
333 1073 361 1121 et
375 1067 478 1124 similia
493 1067 536 1123 sic
550 1075 580 1124 ut
594 1069 674 1124 vides
692 1068 799 1140 scripta
815 1076 889 1125 sunt.

10 1195 31 1231 ι
81 1203 83 1208 ,
135 1152 261 1207 Ceterum
278 1151 406 1223 quaestio
428 1153 731 1225 baecortbograpbioa
748 1153 783 1208 ad
799 1154 975 1232 deperditum
996 1165 1119 1226 aeneam·

17 1267 41 1316 i
63 1237 144 1295 illum
166 1236 292 1291 codicem
306 1235 533 1306 lienochianum,
551 1237 630 1293 euius
647 1238 782 1308 quandam
800 1238 923 1309 speeiem
947 1245 975 1293 et
997 1228 1038 1256 '¹¹¹⁸
1056 1215 1128 1256 ''¹³⁹‘'

10 1358 42 1398 ¹
60 1321 246 1378 adumbrasse
264 1326 292 1374 et
307 1319 466 1375 restituisse
481 1319 563 1375 nobis
578 1320 714 1391 videmur,
731 1323 891 1378 revocanda
908 1321 971 1376 erit.

10 1433 44 1485 ‚-
60 1405 108 1463 Ae
130 1405 154 1460 si
177 1410 254 1459 recte
276 1403 443 1475 disputatum
465 1411 524 1473 est,
550 1404 676 1460 codicum
696 1405 785 1461 adbuc
808 1406 974 1462 collatorum

10 1525 45 1565 μ
59 1487 330 1559 οωιιίιιῐηρτοκίιῃο
346 1487 380 1544 ad
395 1487 464 1542 illud
483 1488 638 1559 exemplum
654 1489 791 1544 accedere
808 1489 973 1546 Leidensem

10 1606 36 1650 ,ἢ
61 1580 94 1630 et
110 1572 279 1640 (indiarum,
302 1571 462 1642 opinionem
482 1571 564 1627 nobis
581 1572 691 1642 quidem
711 1588 827 1628 assensu
843 1589 971 1645 compro-

10 1692 48 1731 .
60 1659 134 1714 bare
156 1671 211 1712 uon
231 1655 345 1725 licebit,
362 1672 442 1726 quam
459 1655 534 1711 docti
551 1656 661 1727 quidam
680 1657 806 1712 homines
826 1658 860 1712 de
882 1662 972 1712 aetate

10 1777 49 1813 g
60 1741 143 1798 illins
157 1739 322 1811 concepisse
338 1739 478 1795 videntur.
506 1738 562 1796 Nos
577 1741 650 1796 intra
666 1741 729 1796 xttt
748 1741 889 1797 saeculum
904 1756 973 1796 con-

10 1860 49 1897 .
59 1825 206 1893 sistemus,
222 1823 306 1895 idque
314 1822 419 1879 duabus
434 1824 608 1896 potissimum
620 1825 776 1881 rationibus
792 1825 908 1895 inducti,
925 1840 972 1880 or-

10 1904 44 1980 3'
59 1907 247 1979 tbographica
264 1913 293 1961 et
309 1899 536 1979 tachpgraphiea.

10 2016 41 2066 ξ-
125 1987 253 2047 Nostram
272 1991 307 2046 de
322 1992 379 2048 vita
394 1991 545 2047 'Caesarum
563 1991 715 2047 editionem
737 1993 839 2062 siquis
861 2008 921 2046 curn
938 1990 974 2045 ti-

10 2099 41 2150 a}
59 2077 141 2138 bello
158 2077 193 2132 de
207 2075 395 2145 grammaticis
412 2075 542 2130 conferre
557 2075 696 2144 voluerit,
711 2075 739 2128 in
757 2069 811 2130 hoc
830 2073 974 2129 admodum

10 2161 206 2233 ffidiversum
229 2176 319 2230 genus
343 2158 485 2228 scribendi
507 2159 643 2214 vocabula
666 2159 877 2213 animadvertet.
922 2157 974 2211 lia-

10 2244 177 2311 *tissime
202 2243 274 2299 enim
296 2242 402 2298 veteris
423 2242 581 2314 scripturae
596 2240 734 2311 vestigia,
760 2248 788 2297 et
811 2239 922 2312 quidem
943 2257 976 2296 ea

10 2317 125 2400 filare
147 2344 219 2400 qnae
243 2328 422 2383 librariorum
443 2327 536 2382 odium
558 2326 636 2398 qnasi
659 2326 903 2396 subterfugerunt,
926 2325 976 2380 de·
1004 2352 1007 2359 ·

10 2432 37 2482 ff
54 2411 236 2488 prehendet,
257 2410 496 2484 praepositionum
515 2411 543 2465 in
566 2407 661 2466 verbis
680 2410 843 2484 compositis
864 2408 975 2464 sineere

10 2496 233 2568 useriptarum
249 2497 404 2568 exemplum
426 2496 529 2550 nullum
536 2489 588 2564 ⁴⁰),
611 2495 763 2552 accusativi
783 2494 902 2567 pluralis
917 2500 976 2549 ter-

10 2591 18 2643 i
55 2579 121 2637 tiae
137 2580 336 2636 declinationis
351 2579 378 2636 in
393 2579 424 2634 is
440 2579 577 2636 terminati
595 2572 734 2653 unum⁴⁹),
750 2578 887 2651 simplicis
902 2579 913 2632 i
929 2576 975 2631 iit-

10 2682 23 2715 a

10 2773 42 2809 ,ς
93 2795 96 2800 ,
133 2745 180 2808 47)
204 2744 318 2808 Namque
335 2742 383 2792 hec
406 2744 432 2791 iu
445 2744 679 2808 parte'Pontanus,
705 2745 749 2808 qui
762 2744 913 2793 Leidensem
932 2755 975 2790 co·
1005 2732 1007 2734 ’

56 2816 147 2866 dicem
165 2813 315 2878 exscripsit,
340 2813 385 2860 uni
401 2812 503 2877 legendi
523 2812 638 2863 facilitati
660 2813 816 2874 inserviens,
841 2825 892 2861 non
916 2823 975 2859 raro

53 2880 250 2948 imprudentius
263 2881 334 2949 egb,
358 2881 418 2930 dum
436 2895 460 2930 v.
478 2896 500 2931 c.
516 2897 563 2946 pro
583 2880 632 2934 GN.
655 2881 702 2933 Gra.
719 2882 834 2948 reponit,
856 2880 883 2930 G.
902 2885 926 2926 et
944 2877 973 2926 L.

50 2953 91 3004 ein
111 2953 196 3001 Gaium
214 2958 239 3000 ot
253 2951 353 3000 Latium
370 2949 482 3006 resolvit,
500 2949 643 3000 Cornelium
660 2958 683 3000 et
700 2953 845 3016 Augustum
859 2949 886 2997 iu
899 2946 973 2995 Gom.

10 3047 49 3096 μ
56 3021 166 3141 griup.
176 3021 357 3137 coartap3tquin
368 3018 442 3067 etiam
454 3032 501 3092 pro
511 3019 544 3067 M.
558 3018 688 3068 Ciceronis
700 3028 725 3084 p,
740 3018 800 3079 263,
812 3017 845 3066 24
857 3015 976 3078 mapister

95 3105 195 3140 caonas
210 3102 260 3139 80ss
277 3103 286 3136 1
300 3127 305 3138 .

10 3100 65 3216 ξ
133 3158 179 3220 48)
197 3157 383 3222 Excipiendum
398 3172 425 3221 p.
446 3156 505 3216 257,
525 3157 540 3204 7
558 3154 710 3212 adnotatum,
731 3153 791 3212 olim
808 3153 835 3201 iu
850 3151 976 3199 adnotans

17 3235 91 3285 ενοι
102 3235 130 3278 at
144 3235 226 3278 notun
236 3233 395 3291 corruptum
417 3238 475 3272 num
487 3239 513 3289 p.
525 3221 585 3283 267,
600 3224 632 3274 14
645 3222 705 3271 boni
720 3221 778 3270 libri
793 3234 881 3270 omnes
899 3234 977 3268 aare·

57 3305 124 3347 ,tare
139 3295 241 3346 habent.

10 3376 50 3419 ‘e
134 3362 183 3426 49)
200 3380 227 3430 p·
247 3361 310 3424 268,
333 3362 366 3414 26
381 3363 503 3428 praedm·
524 3375 582 3409 narn
599 3376 624 3426 p.
644 3358 709 3420 263,
733 3359 750 3409 8
770 3359 847 3408 omnis
864 3371 915 3408 non
931 3355 975 3406 ba-

19 3452 49 3487 ι
66 3433 125 3486 beut
146 3432 197 3483 nisi
220 3431 349 3482 Parisinus
373 3432 454 3482 codex
479 3436 503 3478 et
526 3431 624 3480 Incerta
646 3428 738 3490 editio,
764 3428 807 3493 qui
829 3427 887 3477 libri
910 3427 975 3475 anti·

10 3504 170 3566 awnitatis
188 3501 346 3551 affectatione
358 3501 433 3550 etiam
451 3513 521 3564 quom
537 3512 583 3563 pro
601 3513 653 3547 cum
671 3498 780 3548 scribere
798 3497 888 3548 solent.
908 3496 976 3544 'Ao-

106 3586 247 3625 sursrourus.
834 3589 849 3622 θ
