2286 3944
472 243 643 292 oanan.
981 234 1042 296 207

43 397 149 461 Salvio
168 395 275 457 Othoni
294 397 428 476 praebuit
448 398 617 476 perficiendi
640 409 743 459 conata
758 401 830 460 intra
849 401 1040 462 sextumado·

42 482 157 564 ptionis
174 479 260 540 diem.

108 564 216 643 Hagna
227 574 257 625 et
268 565 382 625 assidua
393 573 519 624 monstra
532 567 587 626 iam
605 566 671 626 inde
687 585 703 626 a
721 569 864 646 principio
882 570 988 628 exitum
1003 569 1038 647 el,
1050 580 1084 634 18

43 649 142 731 qualis
153 651 261 726 evenit,
274 648 489 728 portenderant.
530 647 599 709 cum
617 668 672 729 per
684 668 767 709 omne
784 653 840 710 iter
856 651 957 712 dextra
974 655 1040 712 sini·

10 742 166 813 suraque
184 733 342 812 oppidatim
363 734 497 792 victimae
515 733 719 810 caederentur,
739 743 837 794 taurus
854 738 965 795 securis
982 737 1041 796 ictu

44 826 249 879 consternatus
261 825 348 896 rupto
363 817 480 876 vinculo
499 817 632 877 essedum
644 819 706 876 eius
717 820 822 878 invasit
837 819 977 898 elatisque
990 838 1040 897 pe·

42 900 131 963 dibus
143 909 233 961 totum
245 919 348 961 cruore
361 900 503 980 perfudit3
521 919 555 961 ac
567 901 791 961 descendentem
807 903 975 980 speculator
991 906 1039 962 im·

43 984 132 1065 pulsu
143 984 354 1046 turbaelancea
362 985 634 1064 properulneravit.
657 984 1041 1065 Urbemquoqueetdeinde

42 1068 185 1132 Palatium
196 1071 359 1146 ingressum
371 1069 489 1147 excepit
501 1078 595 1129 terrae
611 1078 719 1130 tremor
731 1079 759 1129 et
771 1070 906 1130 assimilis
926 1069 1041 1148 quidam

10 1153 164 1230 omugltui
177 1169 275 1212 sonus.
305 1152 411 1213 Secuta
430 1161 494 1211 sunt
513 1153 659 1232 aliquanto
677 1154 884 1213 manifestiora.
920 1153 1039 1230 llonile,

43 1236 208 1314 margaritis
219 1238 398 1314 gemmisque
412 1247 585 1313 consertum,
593 1237 628 1297 ad
640 1237 1041 1298 ornandamllortunamsuam

44 1319 238 1383 Tusculanam
251 1323 378 1380 exomni
390 1338 463 1397 gaza
480 1330 659 1390 secreverat;
678 1321 706 1380 id
718 1331 840 1400 repente
853 1323 935 1400 quasi
951 1339 1039 1399 augu-

45 1405 137 1465 stiore
152 1403 266 1480 dignius
278 1404 346 1464 loco
364 1402 545 1482 Capitolinae
557 1406 665 1465 Veneri
679 1405 837 1481 dedicavit,
859 1424 894 1465 ac
908 1407 1041 1484 proxima

44 1496 134 1549 nocte
157 1490 311 1547 somniavit
336 1490 465 1567 speciem
487 1488 630 1548 Fortunae
656 1491 803 1567 querentis
825 1489 982 1550 fraudatam
1006 1505 1039 1547 se

10 1570 125 1633 :dono
138 1571 291 1648 destinato,
304 1573 494 1650 minantisque
508 1582 669 1650 erepturam
678 1583 706 1632 ct
718 1575 809 1652 ipsam
818 1592 892 1652 quae
900 1573 1038 1633 dedisset.

46 1653 177 1733 cumque
190 1657 343 1715 exterritus
355 1655 421 1716 luce
433 1657 522 1734 prima
535 1656 570 1716 ad
588 1656 760 1733 expiandum
779 1660 936 1735 somnium,
954 1675 1038 1736 prae·

43 1741 143 1800 missis
154 1740 203 1817 qui
214 1757 276 1798 rem
294 1739 418 1800 divinam
437 1749 625 1817 appararent,
644 1740 797 1800 Tusculum
815 1744 1038 1816 excucurrisset,

44 1822 115 1883 nihil
127 1823 238 1882 invenit
249 1831 366 1901 praeter
379 1822 505 1900 tepidam
518 1825 546 1881 in
559 1842 607 1883 ara
619 1824 747 1883 favillam
767 1834 943 1903 atratumque
960 1827 1040 1883 iuxta

45 1923 146 1967 senem
158 1907 187 1964 iu
198 1908 294 1966 catino
305 1907 398 1966 vitreo
411 1905 475 1965 thus
487 1916 631 1966 tenentem
644 1909 712 1966 etin
725 1908 817 1967 calice
828 1909 908 1967 iictili
920 1925 1038 1965 merum.

10 1989 238 2051 conservatum
250 1991 334 2050 etiam
346 1999 399 2067 est,
412 1989 459 2049 lll.
472 1989 531 2050 lan.
545 1991 716 2050 sacrificanti
736 2008 872 2050 coronam
890 1991 925 2049 de
945 1993 1040 2069 capite

44 2073 208 2149 excidisse,
225 2074 385 2152 auspicanti
403 2074 500 2152 pullos
517 2074 667 2142 avolasse;
692 2073 856 2151 adoptionis
879 2074 925 2133 die
944 2091 1039 2151 neque

42 2158 152 2218 milites
167 2155 338 2218 adlocuturo
351 2167 528 2217 castrensem
542 2157 643 2216 sellam
655 2156 778 2216 demore
790 2158 914 2235 positam
927 2174 980 2234 pro
989 2158 1037 2216 tri·

43 2240 153 2319 hunali,
165 2241 264 2301 oblitis
274 2241 421 2317 ministris,
435 2250 464 2300 et
475 2242 503 2299 in
517 2249 618 2300 senatu
639 2240 766 2300 curulem
787 2258 927 2319 perverse
946 2240 1037 2300 collo·

44 2333 149 2388 catam
180 2324 263 2384 Prius
276 2343 349 2385 vero
366 2343 449 2404 quam
462 2325 645 2385 occideretur
662 2325 872 2384 sacrificantem
889 2343 973 2384 mane
988 2324 1036 2383 ha-
1047 2330 1080 2385 19

10 2422 155 2488 taruspex
169 2407 323 2469 identidem
334 2409 452 2485 monuit,
469 2418 586 2468 caveret
598 2407 772 2486 periculum,
788 2426 846 2468 non
862 2409 952 2486 longe
971 2427 1035 2488 per·

44 2509 184 2554 cussores
196 2491 311 2552 abesse.

103 2575 188 2636 lland
203 2575 293 2636 multo
310 2583 378 2654 post
395 2577 550 2653 cognoscit
568 2577 661 2635 teneri
681 2586 775 2636 castra
791 2577 827 2636 ab
848 2576 977 2654 Othone,
1002 2597 1037 2638 ac

43 2660 194 2740 plerisque
201 2669 232 2720 ut
240 2659 341 2719 eodem
350 2677 433 2738 quam
445 2661 565 2738 primum
577 2661 915 2738 pergeretsuadentibus,
929 2664 1037 2739 (posse

45 2745 121 2804 enim
133 2745 304 2804 auctoritate
318 2752 348 2802 et
361 2745 525 2821 praesentia
538 2744 724 2822 praevalere)
737 2745 807 2804 nihil
819 2745 940 2822 amplius
953 2762 1037 2822 quam

10 2826 195 2888 tocoutr'nere
207 2845 241 2886 se
258 2828 355 2886 statuit
373 2836 402 2886 et
423 2826 647 2903 legionariorum
670 2829 783 2887 lirmare
801 2828 970 2906 praesidiis,
989 2828 1053 2906 qui*

44 2910 227 2971 multifariam
238 2910 413 2987 diverseque
428 2910 592 2970 tendebant.
620 2911 751 2970 Loricam
769 2921 863 2970 tamen
879 2911 968 2970 induit
984 2911 1037 2969 lin-

43 3004 131 3070 team,
145 3012 315 3074 quamquam
326 2993 401 3053 lnaud
415 2993 596 3053 dissimulans
609 3012 707 3072 parum
720 2995 859 3053 adversus
870 3004 913 3054 tot
924 3011 1036 3054 mucro-

44 3096 96 3139 nes
108 3078 298 3158 profuturam.
336 3077 395 3138 Sed
411 3086 557 3138 extractus
571 3077 734 3137 rumoribus
753 3077 853 3153 falsis,
876 3095 950 3155 quos
969 3095 1036 3137 con·

44 3164 156 3242 spiratr',
169 3172 199 3222 ut
209 3181 273 3222 eum
282 3162 310 3220 in
322 3161 469 3240 publicum
480 3163 634 3238 elicerent,
652 3161 688 3220 de
700 3160 837 3220 industria
850 3161 1036 3239 dissiparant,

10 3248 147 3325 opaucis
158 3255 270 3306 temere
281 3245 487 3306 affirmantibus
501 3254 676 3305 transactum
687 3246 850 3322 negotium,
864 3261 1036 3323 oppressos,

44 3332 91 3412 qui
103 3330 352 3407 tumultuarentur,
366 3330 503 3389 advenire
514 3330 675 3408 frequentis
684 3337 800 3387 ceteros
810 3328 1038 3404 gratulabundos

46 3423 72 3476 et
83 3415 112 3475 in
128 3432 214 3475 omne
227 3414 396 3492 obsequium
408 3424 541 3493 paratos;
555 3416 589 3473 iis
602 3421 632 3471 ut
644 3421 813 3471 occurreret
825 3413 946 3491 prodiit,
959 3422 1038 3474 tauta

44 3497 149 3562 lducia
160 3507 191 3559 ut
206 3499 289 3559 militi
302 3497 412 3559 cuidam
430 3501 558 3558 occisum
574 3516 590 3557 a
609 3515 641 3556 se
660 3494 802 3558 Othonem
819 3498 955 3575 glorianti
968 3495 1036 3572 Quo
