2256 3930
470 231 576 281 muns
590 233 771 284 cuuuums.
1060 226 1120 289 tto

115 385 216 467 (litque
242 385 403 465 paludatus.
438 387 512 462 Quin
536 397 566 447 et
591 390 747 448 emissurus
769 390 908 451 Fucinum
935 391 1029 452 lacum
1050 411 1119 454 nau·

113 472 257 532 machiam
275 479 341 530 ante
357 472 506 549 commisit.
528 472 587 531 Sed
602 491 665 532 cum
678 474 922 551 proclamantibus
938 475 1118 538 naumachia·

113 558 183 616 riis:
213 553 303 616 Hace
315 556 500 633 imperator,
517 557 662 617 morituri
675 564 704 617 tc
717 558 873 619 uolutant!
894 559 1118 639 respondisset:

113 637 180 701 Aut
193 641 273 700 non!
287 658 381 718 neque
397 639 552 718 posthanc
569 658 672 700 vocem
689 644 771 720 quasi
788 644 869 703 venia
885 644 949 704 data
965 645 1119 724 quisquam

82 725 253 785 ndimicare
270 723 375 800 vellet,
402 724 449 782 diu
471 733 619 784 cunctatus
638 744 673 784 an
688 729 780 785 omnis
798 728 858 803 igni
873 728 1012 806 ferroque
1033 729 1117 789 absu-

113 818 226 883 meret,
243 807 357 867 tandem
371 825 388 866 e
403 808 473 867 sede
489 827 540 868 sua
555 809 691 887 prosiluit
704 828 739 870 ac
753 828 806 888 per
816 811 949 870 ambitum
962 812 1043 872 lacus
1059 830 1117 872 non

114 895 180 953 sinc
201 892 289 951 foeda
313 891 500 951 vacillatione
523 892 704 969 discurrens,
735 896 837 972 partim
858 896 991 956 minando
1014 899 1117 975 partim

114 976 296 1037 adhortando
313 975 349 1035 ad
365 992 490 1053 pugnam
508 977 656 1055 compulit.
683 978 747 1037 lloo
765 979 935 1057 spectaculo
956 980 1058 1041 classis
1073 982 1116 1040 Si·

115 1060 182 1120 cula
195 1068 223 1118 et
233 1059 347 1119 Rhodia
361 1069 585 1137 concurrerunt,
598 1060 791 1121 duodenarum
805 1064 960 1122 triremium
972 1064 1115 1141 singulae,

86 1145 253 1206 senciente
279 1143 384 1203 bucina
405 1143 525 1204 Tritone
551 1154 708 1223 argenteo,
736 1149 783 1224 qui
808 1165 824 1205 e
849 1147 944 1207 medio
972 1148 1037 1208 lacu
1063 1165 1117 1227 per

112 1227 274 1288 machinam
291 1236 458 1286 emerserat.

179 1311 325 1386 Quaedam
343 1313 421 1372 circa
438 1312 628 1371 caerimonias
644 1312 816 1392 civilemque
839 1322 868 1372 et
887 1314 1039 1374 militarem
1053 1332 1113 1375 mo·

111 1415 192 1473 rem,
219 1398 288 1455 item
311 1397 389 1455 circa
414 1398 537 1455 omnium
558 1396 687 1456 ordinum
706 1406 807 1457 statum
824 1397 900 1457 domi
919 1399 1051 1476 lorisque
1067 1408 1114 1459 aut

114 1481 259 1556 correxit,
281 1488 328 1540 aut
349 1479 465 1540 exoleta
486 1482 654 1556 revocavit,
677 1490 724 1540 aut
740 1483 823 1541 etiam
839 1500 916 1542 nova
931 1484 1060 1542 instituit.
1083 1481 1116 1542 lu

82 1580 104 1624 ts
116 1564 290 1642 cooptandis
313 1582 367 1642 per
394 1564 520 1641 collegia
545 1564 746 1624 sacerdotibus
770 1568 911 1625 neminem
931 1566 984 1625 nisi
1008 1568 1115 1627 iuratus

114 1649 286 1718 nominavit;
304 1648 529 1726 observavitque
546 1648 665 1725 sedulo,
692 1658 722 1708 ut
741 1651 875 1728 quotiens
897 1659 974 1710 terra
998 1651 1027 1709 in
1042 1649 1115 1710 urbe

113 1734 269 1807 movisset,
294 1732 383 1791 ferias
400 1732 542 1791 advocata
558 1735 694 1792 contione
710 1742 828 1811 praetor
845 1734 1002 1810 indiceret,
1026 1743 1114 1813 utque

114 1816 176 1875 dira
190 1834 245 1875 ave
260 1817 289 1874 in
304 1813 450 1894 Capitolio
466 1818 528 1875 visa
544 1815 711 1876 obsecratio
728 1816 896 1894 haberetur,
912 1835 1033 1895 eamque
1050 1820 1115 1897 ipse

113 1900 176 1959 iure
189 1901 304 1958 maximi
316 1901 462 1978 pontilicis
474 1917 528 1978 pro
541 1902 642 1960 rostris
655 1901 764 1980 populo
776 1903 903 1979 praeiret
915 1910 1114 1980 summotaque

82 1998 105 2042 ro
118 1983 318 2062 operariorum
340 2001 547 2062 servorumque
564 1984 656 2043 turba.

177 2067 285 2127 Rerum
297 2075 405 2143 actum,
418 2067 539 2126 divisum
551 2076 635 2126 antea
650 2069 678 2124 in
691 2065 829 2125 hibernos
841 2067 1025 2144 aestiuosque
1039 2084 1114 2126 men·

114 2169 181 2227 ses,
197 2152 354 2209 coniunxit.
381 2150 454 2209 luris
477 2151 631 2210 dictionem
647 2150 683 2208 de
701 2149 958 2226 fideicommissis,
981 2159 1051 2228 quot
1067 2167 1114 2210 an·

112 2237 158 2294 nis
175 2243 205 2293 et
220 2242 327 2293 tantum
342 2236 370 2292 in
386 2234 458 2294 urbe
475 2234 605 2311 delegari
622 2233 837 2310 magistratibus
853 2232 983 2310 solitam,
1005 2235 1033 2292 in
1049 2251 1114 2312 per·

111 2327 232 2397 petuum
245 2325 332 2396 atque
353 2319 438 2378 etiam
460 2336 514 2396 per
531 2319 697 2396 provincias
714 2315 906 2395 potestatibus
924 2317 1114 2378 demandavit.

82 2400 212 2481 sceptri
226 2400 333 2480 Papiae
349 2400 506 2481 Poppaeae
522 2401 598 2478 legis
615 2400 759 2461 al'iberio
773 2399 915 2477 Caesare,
934 2403 1014 2479 quasi
1030 2418 1113 2462 sexa·

108 2485 227 2565 genarii
248 2503 394 2562 generare
413 2503 472 2545 non
487 2494 622 2563 possent,
652 2485 748 2544 addito
767 2484 932 2562 obrogavit,
969 2486 1070 2546 Sanxit
1083 2493 1114 2545 ut

108 2568 233 2650 pupillis
248 2577 332 2629 extra
348 2569 478 2629 ordinem
492 2578 604 2629 tutores
621 2588 637 2629 a
662 2569 828 2629 consulibus
853 2569 1005 2646 darentur,
1025 2578 1113 2647 utque

107 2657 147 2730 ii,
177 2652 280 2732 quibus
302 2652 551 2731 amagistratibns
567 2654 735 2732 provinciae
755 2653 1012 2730 interdicerentur,
1040 2651 1113 2711 urbe

107 2754 231 2818 quoque
241 2744 271 2796 et
285 2735 368 2797 ltalia
382 2745 638 2796 summoverentur.
653 2736 721 2815 lpse
734 2736 872 2815 quosdam
884 2754 962 2796 noso
976 2734 1112 2812 exemplo

82 2821 274 2897 >relegavit
288 2829 320 2879 nt
332 2820 407 2880 ultra
424 2820 550 2899 lapidem
566 2823 679 2880 tertium
694 2829 808 2880 vetaret
822 2820 923 2898 egredi
937 2819 972 2879 ab
987 2818 1070 2878 urbe.

174 2904 220 2963 De
234 2905 344 2963 maiore
359 2906 480 2982 negotio
498 2914 613 2964 acturus
629 2906 656 2963 in
674 2906 768 2980 curia,
789 2905 899 2963 medius
916 2906 990 2962 inter
1010 2919 1113 2961 consu·

104 2990 169 3050 lum
186 2987 277 3046 sellas
292 2987 445 3047 tribunicio
463 2987 604 3048 subsellio
624 2987 754 3047 sedebat.
783 2986 996 3048 Commeatusa
1013 2993 1114 3044 senatu

105 3074 171 3153 peti
192 3072 298 3131 solitos
319 3071 444 3132 benefici
465 3073 509 3131 sni
531 3073 610 3131 iecit.
644 3070 817 3131 ornamenta
844 3070 1006 3129 consularia
1029 3070 1114 3128 etiam

103 3154 354 3237 procuratoribus
368 3154 531 3216 ducenariis
546 3154 671 3214 indulsit.
693 3156 872 3213 Senatoriam
887 3153 1053 3230 dignitatem
1068 3170 1113 3210 re·

82 3238 280 3300 censentibus
296 3248 463 3318 equestrem
478 3256 594 3317 qnoque
610 3237 724 3297 ademit.
753 3238 850 3297 batum
867 3236 995 3311 clavum,
1017 3253 1114 3314 quam·

104 3325 156 3385 vis
175 3325 257 3383 initio
273 3324 447 3383 affirmasset
458 3340 515 3380 non
532 3321 671 3380 lecturum
683 3339 716 3379 se
732 3330 895 3380 senatorem
916 3321 972 3379 nisi
992 3320 1064 3380 civis
1077 3319 1114 3381 R.

106 3407 306 3487 abnepotem,
322 3410 408 3467 etiam
424 3405 551 3465 libertini
566 3404 626 3463 lilio
643 3403 756 3480 tribuit,
772 3403 824 3464 sed
839 3404 892 3464 sub
909 3403 1074 3464 conditione
1089 3403 1115 3464 si

106 3493 191 3574 prius
208 3492 245 3552 ab
262 3493 362 3572 equite
375 3490 412 3551 tt.
428 3488 581 3566 adoptatus
596 3496 690 3558 esset;
713 3507 748 3549 ac
764 3489 808 3548 sic
822 3506 940 3568 quoque
955 3488 1115 3568 reprebcn·
