2286 3944
152 245 213 309 288
427 259 457 306 c.
476 259 641 308 suuronu
658 225 876 319 scansurum

152 413 268 492 quillum
284 413 484 492 Graecumque
499 416 696 496 Apollonium.
722 412 930 492 Hieronymus
943 414 988 473 ad
997 396 1134 473 Desideri

149 515 201 556 um
217 504 236 557 t.
256 506 272 556 1
281 515 315 574 p.
333 506 388 558 211
399 497 479 559 Voti.
512 498 621 575 Legisti
638 500 712 557 enim
726 507 756 557 et
770 497 903 558 Graecos
917 507 947 557 et
961 498 1087 571 Latinos,
1103 514 1116 573 q
1135 521 1139 564 :2

150 587 225 643 vitas
248 583 376 641 virorum
398 582 549 641 illustrium
562 581 797 659 descripserunt,
823 582 899 660 quud
915 599 1059 659 nunquam
1073 580 1124 658 lip‘

151 667 314 746 taphium
335 665 446 725 titulum
461 665 631 741 indiderint
656 663 707 723 sed
731 664 772 724 de
793 665 1022 724 illustribus
1047 666 1113 723 viri

151 751 235 811 verbi
258 752 351 848 gratia
377 749 515 826 ducibus,
546 711 749 827 philosophis,
780 750 964 823 oratoribus,
996 747 1139 808 historic'¹

154 835 258 932 poetis
274 835 366 911 epicis
387 795 515 910 tragicis
526 834 645 892 comicis
667 832 725 910 (ol
742 834 856 912 poetis,
873 794 997 907 ethicis,
1015 832 1139 910 physici,

153 920 291 996 tragicis,
309 917 453 994 comicis.)
482 915 686 994 Hieronymus
704 915 747 976 od
760 914 1000 995 Augustinumt.
1022 925 1038 975 1
1048 935 1080 994 p.
1098 925 1112 975 7

159 1001 295 1063 Votlors
334 998 362 1079 [I
364 1020 382 1060 1
397 1002 535 1061 chronico
550 1000 716 1060 Eusebiano
733 1019 748 1059 a
766 1001 861 1078 nobis]
876 1019 953 1060 nunc
968 1000 1066 1060 addita
1081 1019 1114 1058 nu
1138 1023 1139 1032 ¹

153 1090 240 1147 mixta
257 1094 321 1144 suut
338 1085 475 1163 plurima,
491 1103 564 1162 quae
580 1085 616 1144 de
636 1084 803 1162 Tranquillo
822 1093 850 1143 et
868 1087 976 1144 ceteris
994 1083 1116 1142 illustrib

154 1170 302 1231 historicis
333 1171 529 1229 curiosissime
551 1171 759 1247 excerpsimus.
794 1167 1002 1247 Hieronymus
1023 1186 1103 1246 proe

156 1257 238 1316 tione
253 1252 296 1313 ud
311 1250 495 1328 Chronicon,
519 1258 538 1311 1.
556 1260 576 1312 8
587 1271 621 1330 p.
639 1261 657 1312 7
675 1250 809 1312 Vollurs.

220 1336 436 1396 osmundus
464 1337 582 1413 scripsit
601 1336 638 1395 de
661 1338 731 1396 viris
751 1336 931 1411 illustribus,
955 1338 1038 1395 cuius
1060 1355 1113 1395 exe

155 1421 232 1500 plum
249 1427 365 1478 secutus
379 1419 599 1493 Hieronymus
591 1438 656 1498 rpse
672 1438 786 1499 quoque
803 1419 931 1479 libellum
952 1418 990 1478 de
1007 1419 1139 1499 scripto'

155 1505 208 1563 bus
225 1501 389 1563 christianis
407 1502 503 1562 edidit.
531 1502 632 1581 Nuper
647 1508 731 1564 etiam
738 1503 978 1564 Bartholomaeus
991 1502 1099 1563 Facius
1113 1503 1139 1571 n

155 1587 273 1646 miliaris
288 1594 388 1646 noster
405 1587 481 1646 de
453 1590 523 1646 vnis
538 1585 698 1647 illustribus
713 1589 851 1687 temporis
867 1606 910 1646 sur
902 1586 1020 1646 libros
1037 1603 1139 1665 comps

156 1673 227 1746 suit,
249 1671 296 1748 qui
313 1687 351 1727 ne
374 1670 429 1731 hos
452 1673 582 1732 Suetonii
605 1672 734 1732 illustres
754 1677 834 1731 uiros
858 1671 891 1750 [i.
906 1689 932 1729 e.
949 1674 1139 1747 grammaticos

158 1764 187 1814 et
206 1753 353 1831 rhetores]
368 1754 468 1815 videre
485 1764 604 1834 posset,
621 1773 700 1816 mors
715 1758 862 1816 immatura
878 1755 976 1814 effecit
993 1757 1031 1834 [a.
1051 1757 1127 1815 1457

156 1838 246 1900 Paulo
269 1840 342 1898 enim
365 1848 431 1917 post
447 1841 507 1898 eius
521 1851 641 1900 mortem
656 1841 683 1899 11
701 1840 796 1899 lucem
816 1838 978 1913 redierunt,
1006 1858 1072 1899 cum
1087 1857 1129 1898 mu

157 1934 204 1983 tos
220 1939 312 1983 annos
331 1922 485 1983 desiderati
501 1943 517 1983 a
532 1923 626 1984 doctis
642 1923 803 1983 hominibus
822 1932 930 1983 essent.
961 1922 1119 2002 Temporib

159 2009 232 2068 enim
253 2006 367 2067 Nicolai
394 2010 481 2086 quinti
504 2010 649 2087 pontilicis
671 2010 783 2068 maximi
808 2006 1139 2086 [1447-14551131104

160 2091 324 2151 Asculanus
337 2095 365 2151 in
382 2093 502 2152 Galliam
515 2101 543 2150 et
556 2091 620 2150 inde
633 2093 661 2149 in
675 2092 853 2152 Germaniam
868 2091 1020 2170 proiectus
1037 2088 1139 2170 conqui

159 2175 313 2234 rendorum
329 2175 467 2235 librorum
480 2176 571 2252 gratia
584 2177 638 2236 hos
658 2193 817 2254 quanquam
832 2176 989 2235 mendosos
1005 2184 1034 2235 et
1052 2177 1139 2254 imper

159 2260 254 2318 lectos
268 2259 302 2318 ad
316 2277 370 2319 nos
384 2261 488 2319 retulit.
501 2257 553 2318 (lui
566 2259 747 2319 sichabenda
760 2268 803 2319 est
814 2261 916 2337 gratia,
926 2267 955 2319 ut
964 2259 1139 2337 maleimpre

161 2341 280 2402 candum
297 2352 341 2401 est
349 2343 485 2403 Sicconio
499 2342 659 2403 Polentono
667 2343 814 2419 Patauino,
822 2345 870 2422 qui
889 2361 952 2402 curn
967 2361 1031 2402 eam
1044 2352 1139 2421 parter

160 2433 294 2503 quaeest
314 2426 357 2484 de
381 2427 598 2487 oratoribus
626 2445 665 2487 ac
691 2429 819 2506 poetis
838 2429 1013 2502 invenisset,
1033 2429 1072 2486 ita
1088 2443 1139 2503 sup

159 2508 268 2585 pressit
282 2517 311 2566 ut
327 2528 363 2569 ne
378 2528 501 2587 unquam
512 2511 540 2569 in
555 2511 649 2570 lucem
660 2513 760 2571 uenire
772 2519 884 2591 posset.
912 2511 1004 2585 Quam
1020 2528 1078 2587 ego
1093 2496 1139 2650 opp

159 2591 268 2650 Patavii
285 2594 498 2670 perquirerem,
514 2595 629 2654 tandem
650 2597 747 2674 reperi
764 2614 826 2655 eam
848 2594 883 2655 ab
898 2595 950 2654 illu
965 2595 1057 2653 luisse
1079 2610 1113 2653 co

159 2675 270 2733 bustam
285 2677 436 2754 ipsumque
450 2679 615 2755 arrogantia
635 2697 669 2738 ac
690 2681 851 2739 temeritato
867 2678 1019 2777 impulsum
1037 2677 1074 2736 de
1088 2677 1139 2819 vip'p

159 2759 312 2818 illustrium
331 2762 503 2839 scriptorum
514 2762 718 2840 loquacissime
732 2764 840 2840 pariter
850 2770 879 2821 et
891 2763 1071 2840 ineptissime
1085 2779 1115 2819 sc

160 2844 446 2923 psissela.1433]
477 2844 627 2908 Iovianus
648 2845 808 2908 Pontonus
830 2843 942 2906 Umber
965 2842 1139 2906 11146011

160 2925 267 2987 codiee
290 2946 371 2990 nunc
396 2927 555 3008 Leidensi,
582 2931 632 2992 cni
658 2930 832 3009 inscripsit.
862 2928 895 2989 G.
914 2929 1044 2988 Suetonii
1068 2910 1139 3011 'lran

161 3010 241 3088 quilli
266 3011 302 3071 de
326 3015 396 3073 viris
420 3014 578 3074 illustribus
600 3015 675 3074 liber
697 3015 807 3092 incipit
840 3013 885 3073 De
902 3014 1106 3090 grammaticis.

160 3092 360 3237 pubsorp'psit:
393 3097 524 3177 Amplius
547 3107 692 3177 repertum
714 3115 772 3157 nun
795 3106 840 3156 est
855 3096 957 3157 adhuc.
975 3095 1078 3155 desunt
1092 3095 1139 3154 rhe

173 3195 240 3236 ures

230 3265 594 3332 11111111111111111111111
614 3267 729 3326 videtur,
755 3280 820 3330 quse
840 3265 873 3316 de
893 3265 1005 3316 Siceonis
1024 3238 1139 3314 Polentoti

161 3327 250 3377 lraude
268 3341 351 3381 narret
389 3349 401 3368 1
438 3335 460 3372 ¹¹¹
512 3333 1036 3397 1111Ρ111111111111111111,8111111111
1062 3316 1139 3398 operii

161 3396 227 3456 quod
246 3397 277 3446 de
294 3400 391 3451 Roma
502 3435 534 3455 n..
574 3403 701 3452 llustribus
720 3403 833 3453 exstabat
838 3403 1006 3482 ‚particulam
1025 3417 1081 3452 esse
1099 3411 1139 3449 111

160 3462 270 3511 'ibellnm
277 3435 417 3528 quemVl
385 3486 422 3519 su
488 3490 502 3521 1.
521 3472 564 3521 21
605 3487 645 3518 nn.
662 3471 807 3532 retulimum
825 3440 856 3521 d'e
873 3471 1045 3536 grammaticis
1062 3479 1085 3519 et
1098 3468 1139 3518 rlm

161 3529 248 3568 'wlff‘
334 3551 364 3568 11
476 3538 554 3572 11111
668 3537 801 3572 ''rur‘’
830 3550 932 3600 11,1111
950 3553 1015 3601 quae
1034 3535 1139 3588 erantdt
