2256 3930
467 280 675 328 PRAEFATIO.
898 281 1018 330 Lmv

108 434 349 516 p.1ltl,18}23
365 446 414 494 aut
429 439 572 494 Tarentini
583 440 728 494 Lambinus
746 430 752 514 Ι
770 438 927 498 &Marcio
940 441 1014 496 Bon-

109 523 224 593 garsius
248 524 283 578 ad
301 523 434 578 lustinum
454 529 502 591 12,
530 531 562 580 15
585 528 613 576 et
628 523 807 577 Casaubonus
824 537 877 594 pro
892 521 985 577 Mario
1007 516 1014 600 Ι

109 614 148 665 3ο
155 611 221 677 post
235 609 379 676 septimum
394 606 529 675 vinetus,
551 606 603 659 etr.
620 622 704 676 supra
718 606 810 660 adnot.
826 611 862 665 73
880 600 885 681 Ι
903 612 939 666 33
951 605 1013 660 Hu-

110 696 203 744 motus
218 689 319 744 omittit
333 689 583 760 lleanteplnauus.

174 772 290 827 Persii
311 773 418 828 vitam
437 789 497 827 eam
513 788 585 842 quae
609 773 643 826 ad
667 788 718 827 nos
739 772 869 843 pervenit
894 772 1012 827 alienam
1033 784 1104 827 nez-it

109 872 179 911 esse
202 872 217 909 a
243 855 377 910 Suetonio
401 862 430 910 et
446 861 558 910 veteres
580 855 645 910 libri
663 855 782 923 (locent,
799 854 853 909 ‘de
874 871 1010 910 commen·

109 939 186 995 tario
211 937 293 993 Probi
308 939 415 993 Valerii
443 938 595 993 sublatam’
615 944 750 1002 testantes
758 931 815 1011 ¹⁴),
845 944 872 992 el
894 938 1011 1010 scriptio

109 1023 175 1094 ipsa
190 1021 291 1076 misere
310 1023 471 1093 perturbata
488 1022 618 1092 nullaque
638 1022 667 1078 in
690 1038 721 1076 re
741 1022 907 1076 luculentam
924 1021 945 1075 T
948 1039 1012 1077 ran-

111 1105 192 1176 quilli
208 1105 361 1160 orationem
376 1106 512 1160 referens.
545 1105 792 1160 Commentatorem
808 1105 927 1175 aliquem
944 1122 1011 1176 pro·

111 1189 181 1243 dunt
212 1195 353 1243 auctorem
382 1190 468 1244 verba
495 1205 567 1259 quae
590 1189 619 1242 in
648 1189 697 1242 illa
724 1190 781 1243 vita
807 1194 918 1242 exstant
941 1191 1011 1244 hacc

109 1266 202 1326 ‘hunc
228 1271 317 1342 ipsum
340 1273 441 1327 librum
468 1272 658 1343 imperfectum
686 1270 829 1342 reliquit'‚
855 1271 1011 1343 imperitum

110 1354 250 1410 hominem
266 1356 336 1410 haec
352 1355 506 1410 ‘Neronem
521 1355 597 1409 illius
614 1355 749 1426 temporis
763 1355 946 1426 principem'.
967 1355 1010 1411 Ac

110 1438 225 1508 nequis
240 1438 400 1508 Hieronymi
412 1440 477 1494 loco
493 1456 519 1509 p.
533 1444 598 1503 299,
622 1447 638 1496 5
653 1438 748 1509 posito
765 1439 894 1492 abutatur
910 1439 944 1493 ad
959 1457 1008 1509 pa-

110 1520 303 1576 trocinandum
319 1521 469 1592 Suetonio,
487 1522 548 1576 sive
565 1521 730 1576 Gasaubono
744 1522 837 1593 potius
853 1529 880 1576 el
896 1523 1009 1578 Barllnio

111 1604 160 1674 qui
176 1604 257 1674 primi
273 1605 431 1660 Porsinnam
445 1605 529 1659 vitam
544 1604 669 1659 Suetonii
692 1621 756 1660 esse
771 1605 936 1673 uoluerunt,
958 1605 1009 1662 ille

110 1687 176 1742 loco
192 1687 260 1742 nihil
277 1689 412 1757 efficitur,
429 1687 484 1742 uisi
501 1688 574 1759 quod
588 1687 776 1758 uuusquisque
790 1705 841 1759 per
856 1706 888 1743 se
904 1689 1009 1743 intelli-

111 1770 174 1839 git,
194 1771 230 1824 do
250 1770 347 1827 l’ersio
364 1788 474 1842 quoque
489 1773 518 1826 in
537 1772 693 1826 illustribus
709 1771 779 1826 riris
800 1778 889 1829 actum
904 1773 1008 1836 luisse;

111 1870 173 1907 nam
198 1870 253 1923 quo
279 1871 351 1909 anno
373 1854 473 1924 aliquis
493 1860 522 1908 et
542 1854 588 1907 ubi
611 1856 961 1926 normannorumque,
982 1854 1011 1911 ill

111 1942 190 1990 certe
219 1953 253 1990 ne
283 1944 440 2007 postremus
464 1938 574 2007 quidem
599 1938 673 1992 vilae
706 1938 828 2008 scriptor
848 1938 1011 2009 praetermi-

111 2019 191 2074 seril.

177 2102 279 2154 Verum
294 2101 350 2155 alia
367 2119 413 2156 res
429 2107 473 2156 cst
490 2102 525 2156 (le
545 2101 675 2163 Lucani
695 2102 770 2157 vita
790 2120 817 2173 p.
832 2109 894 2173 299,
916 2111 951 2163 13
966 2121 1011 2160 re-
1023 2110 1101 2153 unat

110 2184 185 2251 lala,
207 2183 279 2236 unde
301 2199 332 2236 re
348 2179 458 2257 γενεῇ)
479 2184 664 2254 Hieronymus
686 2201 718 2239 ea
733 2186 819 2239 rerba
837 2203 908 2256 quae
928 2204 1012 2258 prae·

112 2265 256 2336 posuimus
273 2266 432 2338 exscripsit.
475 2266 619 2322 Accedunt
635 2267 798 2322 Suetoniani
814 2264 963 2344 ingenii⁷‘)
977 2287 1011 2326 ac

110 2348 168 2403 stili
190 2355 243 2402 tam
265 2355 361 2420 aperta
376 2350 513 2421 vestigia,
538 2344 569 2405 ut
588 2350 663 2405 docti
684 2350 811 2406 homines
832 2358 896 2423 post
919 2352 1010 2408 Scali-

109 2427 251 2505 gerumn)
267 2432 459 2487 Gasaulronurn
474 2433 638 2488 salmasium
659 2435 695 2489 ad
713 2450 796 2488 uuum
811 2450 906 2490 omues
921 2437 956 2492 de
973 2438 1009 2492 ll·

110 2514 244 2570 lustribus
259 2515 328 2570 viris
351 2523 509 2588 excerptam
526 2533 590 2571 esse
607 2519 810 2572 consenserint
852 2517 947 2591 Neque
969 2527 1010 2576 la-

110 2614 171 2652 men
184 2613 237 2670 pro
253 2598 362 2668 integra
379 2599 476 2654 haberi
491 2600 582 2655 debet.
625 2600 826 2655 Desideranlur
842 2603 913 2657 enirn
929 2604 1010 2661 initio

111 2711 312 2725 ——

178 2775 225 2839 74)
247 2777 407 2828 Recentiores
433 2777 490 2828 libri
513 2786 538 2827 et
560 2779 676 2842 impressi
699 2779 801 2829 Cornuti
824 2795 916 2830 nomen
934 2797 1008 2846 prae-

108 2846 233 2911 scriptum
248 2845 348 2894 habent.

178 2913 224 2975 75)
239 2915 302 2962 llam
312 2913 411 2962 diverse
429 2915 492 2963 salis
510 2929 541 2963 ea
553 2922 612 2964 suut
629 2930 693 2977 quae
711 2916 737 2964 iu
753 2917 833 2964 altera
844 2917 939 2966 Lucani
955 2919 1007 2966 rita

107 2985 241 3050 leguntur:
260 2997 337 3030 cenas
352 2982 401 3031 sibi
415 2985 550 3044 praecidit.

176 3050 222 3113 76)
246 3051 358 3114 luiquior
375 3050 513 3114 Tranquilli
536 3052 562 3100 iu
581 3051 709 3099 Lucanum
725 3051 825 3101 animus
843 3053 1007 3117 eiusdemque

107 3120 140 3170 de
163 3117 258 3167 Seneca
278 3119 399 3168 iudicium
420 3119 502 3168 acrius
523 3118 614 3183 (supra
636 3134 662 3182 p.
682 3119 748 3179 196,
778 3119 826 3182 35)
845 3134 861 3167 a
885 3121 1007 3185 scriptore
1103 3115 1108 3121 ’

108 3202 159 3237 nou
175 3186 310 3236 abhorrent
326 3189 485 3250 antiquorum
503 3187 689 3236 studiosissimo
706 3193 732 3234 et
749 3186 895 3244 Quintiliani
910 3190 933 3237 si
955 3203 1005 3238 uon

106 3255 242 3319 disciplina
258 3264 283 3303 at
298 3264 365 3304 certe
379 3256 470 3304 iudicio
488 3255 647 3304 admiratore.

176 3323 221 3383 77)
247 3325 274 3371 ln
303 3324 449 3388 Appendice
480 3322 621 3387 Virgiliana
648 3321 703 3370 sive
731 3321 863 3371 Cataleclia
887 3323 1004 3388 Lugduni

104 3408 131 3440 a.
148 3390 215 3441 1573
236 3391 327 3449 editis,
347 3392 379 3440 ad
395 3391 488 3440 Culicis
509 3390 616 3439 initium.
652 3389 756 3438 lacobus
772 3404 873 3453 quoqne
892 3391 1005 3458 Bongsr-

103 3461 161 3509 aius
178 3461 204 3508 iu
221 3459 306 3508 codice
320 3459 441 3508 Berneusi
458 3460 492 3508 45
514 3457 656 3507 aduolauit:
675 3465 737 3519 peto
754 3474 771 3506 a
785 3456 904 3510 Suetonio
924 3459 1005 3510 Troa-

103 3530 183 3593 putto
196 3527 262 3576 hunc
270 3530 343 3576 vitum
355 3543 411 3578 esre
422 3527 578 3590 descriptum.
