2286 3944
102 194 162 256 230
183 205 213 253 o.
226 201 374 251 suuronr
387 199 514 258 nonno.
532 199 577 244 nu
591 197 672 245 viru
688 195 877 244 causantur
900 195 973 244 urs.
989 197 1060 243 v11r.

102 361 212 421 tuosius
232 359 306 415 inter
328 374 359 414 se
382 354 517 430 agebant.
557 352 652 426 Quare
676 350 899 410 Vitellianorum
929 350 1047 429 quidem
1074 362 1099 410 et

103 442 301 504 exauctoravit
316 438 453 518 plurimos
469 446 499 495 et
517 435 663 511 coercuit,
679 434 871 512 participibus
892 443 991 493 autem
1013 437 1098 494 victo·

101 530 162 587 riae
179 524 251 585 adeo
267 523 337 582 nihil
353 531 435 581 extra
448 521 577 580 ordinem
592 517 717 595 indulsit,
734 527 764 577 ut
774 520 859 578 etiam
872 517 1006 594 legitima
1019 537 1097 596 prae-

102 612 156 670 mia
172 626 239 668 sero
266 605 450 685 persolverit.
492 604 537 662 Ac
558 621 594 662 ne
616 619 700 680 quam
721 603 909 661 occasionem
934 603 1098 679 corrigendi

103 693 284 770 disciplinam
301 689 560 768 praetermitteret,
586 685 832 745 adulescentulum
847 685 1029 762 fragrantem
1051 706 1116 746 uns

103 785 230 856 guento,
248 794 310 834 cum
326 773 380 832 sibi
396 790 449 852 pro
472 774 622 848 impetrata
646 769 831 847 praefectura
853 771 966 846 gratias
989 780 1095 846 ageret,

103 870 172 920 nutu
187 868 374 937 aspernatus,
395 873 470 916 voce
487 857 570 914 etiam
592 854 763 930 gravissima
785 855 945 931 increpuit:
969 852 1094 914 Maluis-

104 963 168 1004 sem
194 943 289 1002 olium
314 939 504 1002 odaldiscos!
540 939 708 1014 litterasque
734 939 900 1007 revocarit;
932 936 1095 997 classiarios

105 1044 188 1103 vero,
207 1027 254 1108 qui
270 1025 305 1084 ab
319 1024 399 1084 Ostia
415 1033 443 1083 et
454 1022 582 1082 Puteolis
596 1019 849 1099 Romampedibus
861 1022 1012 1099 pervices
1024 1039 1093 1081 com·

104 1119 215 1186 meant,
236 1118 369 1192 petentes
386 1108 520 1166 constitui
536 1104 643 1183 aliquid
660 1104 714 1163 sibi
731 1103 858 1164 calciarii
873 1105 1001 1182 nomine,
1019 1105 1093 1184 quasi
1102 1118 1119 1158 u

106 1212 204 1274 parum
220 1202 298 1252 esset
314 1193 375 1251 sine
392 1207 536 1269 responso
554 1188 708 1266 abegisse,
724 1188 806 1247 lussit
822 1197 889 1266 post
905 1187 982 1247 haec
1001 1189 1092 1250 excal-

106 1281 199 1338 ciatos
215 1277 369 1343 cursitare;
389 1283 417 1332 et
433 1292 470 1332 ex
486 1292 522 1333 eo
541 1273 579 1332 ita
596 1274 742 1332 cursitant.

165 1359 318 1433 Achaiam,
340 1357 469 1432 Lyciam,
487 1356 636 1434 Rhodum,
657 1356 837 1432 byzantium,
865 1355 983 1415 Samum
1013 1358 1090 1417 liber·

104 1452 162 1503 tate
194 1441 341 1518 adempta,
365 1442 433 1500 item
460 1439 627 1517 Thraciam,
657 1438 787 1500 Ciliciam
817 1448 846 1498 et
880 1437 1089 1518 Commagenen

103 1526 218 1585 ditionis
244 1525 343 1601 regiae
371 1543 461 1602 usque
487 1523 521 1583 ad
547 1524 576 1583 id
603 1534 732 1603 tempus,
754 1526 782 1582 in
804 1523 1019 1603 provinciarum
1037 1527 1113 1585 for-u

103 1626 175 1668 marn
201 1607 323 1683 redegit.
370 1605 575 1685 Cappadociae
601 1616 723 1686 propter
743 1607 879 1667 adsiduos
907 1606 1088 1669 barbarorum

103 1694 232 1751 incursus
245 1691 379 1768 legiones
395 1691 516 1769 addidit,
545 1691 784 1770 consularemque
800 1700 946 1750 rectorem
962 1693 1088 1772 imposuit

124 1793 156 1834 ro
174 1794 218 1852 eq.
236 1775 270 1834 lt.

103 1795 121 1855 p
165 1858 311 1919 Deformis
328 1859 395 1919 urbs
410 1859 557 1919 veteribus
573 1857 712 1919 incendiis
728 1876 762 1918 ac
778 1859 867 1918 ruinis
878 1870 963 1929 ¹erat;
989 1879 1088 1921 vacuas
1110 1878 1112 1884 ·
1135 1810 1138 1951 h

104 1962 188 2003 areas
204 1961 350 2022 occupare
365 1953 393 2003 et
408 1943 577 2018 aedificare,
593 1945 617 2002 si
634 1959 825 2021 possessores
849 1954 1015 2020 cessarent,
1040 1946 1116 2005 cui-at
1136 1968 1138 1975 ·

105 2045 225 2106 cumque
238 2029 374 2107 permisit.
401 2026 469 2106 lpse
486 2029 693 2095 restitutionem
709 2023 845 2104 Capitolii
861 2026 1036 2107 adgressus,
1051 2048 1090 2088 ru·

103 2111 219 2171 deribus
234 2111 391 2190 purgandis
407 2130 505 2171 manus
524 2113 631 2188 primus
650 2110 776 2170 admovit
792 2128 826 2170 ac
843 2128 895 2171 suo
910 2112 989 2171 collo
1010 2131 1091 2192 quae-

102 2195 167 2255 dam
184 2196 297 2264 extulit3
318 2213 524 2277 aerearumque
544 2194 702 2263 tabularum
726 2195 779 2254 tria
799 2193 891 2271 milia,
916 2213 992 2273 quae
1013 2197 1093 2256 simul

104 2279 367 2357 conflagraverant,
394 2278 569 2340 restituenda
595 2272 740 2356 suscepit,
760 2277 884 2356 undique
911 2280 1094 2358 investigatis

103 2362 332 2439 exemplaribus:
355 2366 571 2422 instrumentum
587 2352 698 2440 impelii
714 2360 936 2439 pulcherrimum
958 2381 994 2422 ac
1015 2375 1125 2425 retu-ts

102 2445 263 2521 stissimum,
280 2463 337 2522 quo
354 2447 572 2506 continebantur
588 2436 681 2524 paene
697 2445 732 2505 ab
751 2445 872 2504 exordio
887 2445 966 2506 urbis
978 2459 1097 2508 senatus

102 2527 251 2602 consulta,
275 2527 354 2605 plebi
375 2531 447 2589 scita
464 2530 500 2589 de
518 2520 663 2588 societate'
681 2537 710 2588 et
730 2528 852 2589 foedere
877 2547 911 2590 ao
938 2532 1095 2609 privilegio

74 2612 270 2689 9cuicumque
295 2615 453 2670 concessis.
488 2612 570 2672 Fecit
593 2621 622 2672 et
645 2630 720 2673 nora
743 2629 834 2690 opera
857 2614 994 2692 templum
1011 2615 1096 2675 Pacis

101 2695 165 2753 foro
192 2697 366 2772 proximum,
384 2695 508 2774 Divique
530 2694 631 2756 Glaudi
652 2697 680 2756 in
708 2694 809 2758 Caelio
834 2706 931 2757 monte
958 2709 1096 2778 coeptum

101 2779 214 2855 quidem
231 2779 265 2839 ab
281 2779 457 2858 Agrippina,
480 2780 533 2840 sed
548 2799 564 2840 a
579 2774 698 2840 Nerone
721 2797 816 2860 prope
839 2781 964 2841 funditus
982 2782 1094 2844 destru-
1105 2797 1128 2843 st

102 2871 192 2944 ctum;
212 2864 278 2922 item
294 2862 530 2942 amphitheatrum
544 2864 615 2924 urbe
628 2863 731 2942 media,
751 2873 781 2924 ut
798 2863 959 2926 destinasse
977 2883 1095 2947 compe-

100 2955 178 3004 rerat
192 2946 362 3024 Augustum.

160 3029 364 3109 Amplissimos
381 3031 510 3108 ordines,
528 3041 557 3091 et
572 3030 730 3092 exhaustos
747 3031 837 3092 caede
853 3034 932 3091 varia
950 3043 979 3094 et
995 3045 1093 3096 conta·

99 3114 221 3172 minatus
244 3116 336 3174 veteri
363 3115 565 3192 neglegentia,
592 3115 727 3193 purgavit
744 3115 950 3196 supplevitque
965 3137 1093 3179 recenso

99 3206 200 3255 senatu
224 3207 252 3257 et
275 3200 385 3276 equite,
417 3200 563 3258 summotis
593 3199 800 3277 indignissimis
835 3206 865 3262 ct
886 3199 1129 3266 honestissimum

99 3293 217 3357 quoque
233 3279 397 3342 Italicorum
413 3300 448 3342 ac
468 3283 686 3361 prouincialium
704 3283 821 3344 allecto.
858 3282 956 3363 Atque
978 3287 1017 3345 uti
1041 3305 1092 3346 nn-

99 3367 155 3417 tum
171 3372 259 3438 esset,
275 3374 425 3443 utrumque
444 3365 573 3425 ordinem
587 3383 644 3426 nou
659 3377 714 3426 tam
731 3367 864 3427 libertate
878 3369 993 3430 interse
1006 3387 1092 3449 quam

98 3441 236 3519 dignitate
254 3444 388 3522 differre,
405 3448 441 3508 de
458 3451 552 3525 iurgio
570 3449 693 3509 uuodam
711 3451 855 3511 senatoris
876 3455 1040 3533 equitisque
1056 3456 1090 3515 ll.
