2256 3930
86 171 146 222 BV!
432 170 637 218 PRAEFATIO.

94 331 225 388 nonnulla
248 331 469 404 typographica,
490 329 666 401 intelligitur.
711 330 778 386 'lum
800 346 817 385 a
839 330 1000 390 Florentius

96 415 220 472 editions
235 431 261 470 a.
278 419 356 484 1478,
378 431 449 486 quae
460 421 584 470 veterum
596 413 717 470 omnium
731 414 817 484 longe
829 415 939 487 optima
951 422 1000 487 est,

94 498 263 554 lectionibus
285 497 372 553 termo
388 497 501 554 cclxx
520 498 644 570 receptis
660 497 774 553 totidem
793 496 855 553 1655
873 502 1000 556 emenda-

94 583 187 638 tiones
202 581 361 636 intulerunt.
406 583 462 637 Sed
478 599 512 638 56
527 583 663 637 lnoertam
678 580 788 652 quidem
804 581 1001 655 neglexerunt,

95 665 208 724 61561165
220 663 295 720 XXV
303 664 385 735 loeis,
400 672 430 720 51
445 672 542 738 5260,
562 671 596 722 22
611 667 722 735 repam
740 681 767 736 p.
783 668 878 734 2667
897 670 1001 738 66656.Ι
1035 736 1036 740 ¹

94 766 121 823 p.
140 754 201 818 269,
216 754 259 805 21.
274 753 309 807 28
324 749 436 803 adiectis
450 749 594 822 6116ίαί15
615 759 646 820 pt
657 753 719 817 271,
735 755 769 806 10
781 755 902 821 actoque
916 753 954 807 ito
970 751 1001 808 ad
1038 752 1041 778 ²

94 833 170 888 illam
190 832 341 887 editionem
356 833 418 888 sive
437 835 532 904 potius
555 832 749 889 Beroaldinam
770 831 831 887 eius
852 834 999 905 repetitio·
1038 788 1041 882 1

96 932 157 971 nem
172 917 294 980 56116115;
311 917 474 972 Beroaldum
495 917 566 972 enim
582 916 791 971 emendationes
803 917 960 989 quaedam,
975 925 1002 974 nt

94 1017 122 1060 b.
139 1007 209 1068 258,
226 1005 242 1057 6
258 1000 449 1054 Praeconinus
457 1023 466 1061 ;
487 1017 513 1070 p.
530 1006 598 1067 266,
614 1006 649 1059 30
656 1001 864 1070 praesumente,
879 1003 1002 1069 prodero

96 1089 234 1142 51665155.
279 1083 328 1138 llus
354 1083 378 1138 51
405 1083 547 1139 addideris
562 1099 650 1156 pauoa
676 1097 727 1138 suo
743 1082 862 1140 arbitrio
886 1085 1002 1142 admuni.

97 1173 194 1236 strata,
210 1166 371 1222 5111566615
388 1166 490 1222 11116515
502 1167 638 1223 voeabula
655 1166 761 1223 Gnaeos
777 1166 903 1239 scripta,
922 1169 1002 1225 0165-

96 1251 276 1306 5551516655
294 1268 321 1322 p.
338 1256 404 1321 263,
424 1255 457 1307 25
473 1267 534 1321 sqq.
551 1267 566 1306 6
583 1251 719 1305 61665656
734 1251 904 1323 suppletum,
919 1269 1001 1326 prae-

96 1350 195 1390 nomen
218 1333 241 1399 Q
258 1350 309 1406 pro
327 1334 359 1387 M
380 1351 407 1406 p.
424 1339 492 1404 258,
516 1341 532 1394 9
554 1340 727 1403 6655661555,
750 1337 778 1388 in
801 1350 828 1405 p·
846 1341 957 1407 257,17
977 1342 1003 1392 61

96 1420 146 1472 etsi
159 1434 186 1489 p.
197 1423 259 1485 265,
277 1424 310 1477 19
324 1417 457 1487 additum,
472 1418 592 1473 deletum
607 1434 634 1488 p.
648 1423 709 1488 261,
725 1424 759 1477 25
776 1425 938 1492 corruptum
953 1436 1001 1479 56-

97 1500 223 1556 oabulum
240 1495 365 1571 (suatum,
380 1508 478 1570 notus,
502 1497 672 1573 nominatus)
692 1507 720 1556 el
739 1518 765 1573 p.
780 1506 848 1572 266,
873 1508 907 1564 27
923 1519 1002 1561 vero:

98 1600 204 1639 ornnem
226 1583 354 1641 Aldioam
373 1585 523 1641 editionem
546 1585 711 1657 explicatum
733 1592 761 1641 et
781 1586 861 1658 qnasi
887 1587 916 1642 in
941 1589 1002 1644 loos

97 1667 216 1739 positam
234 1669 362 1724 babebis.
407 1668 520 1725 11651651
543 1676 649 1738 tumen,
675 1685 728 1725 565
751 1676 794 1724 651
816 1669 891 1726 enim
909 1673 1002 1729 661654

98 1751 177 1821 dum,
194 1751 275 1807 etiam
295 1769 367 1806 5556
383 1752 501 1826 obseura
517 1754 601 1808 bueo:
619 1760 744 1808 oratores
760 1753 881 1810 additum
901 1772 928 1827 p.
941 1761 1002 1827 257,

97 1840 130 1901 6;
157 1835 243 1889 Sutrii
261 1852 287 1906 p.
312 1841 379 1905 264,
402 1842 433 1893 14
451 1843 479 1891 61
504 1838 615 1907 quidam
642 1854 669 1909 p.
695 1842 764 1907 269,
792 1843 826 1898 36
854 1840 989 1912 seriptum

98 1935 213 1991 quorum
240 1919 354 1990 primurn
376 1925 403 1973 et
427 1920 537 1974 tertium
562 1920 589 1974 in
611 1920 805 1990 Berolinousi,
832 1923 953 1978 medium
976 1925 1002 1978 in

97 2003 225 2062 leidensi
254 2002 327 2059 libro
349 2009 454 2073 exstat,
482 2004 645 2076 impressum
672 2009 735 2060 ante
754 2004 855 2059 Aldum
877 2023 931 2063 non
955 2024 1001 2063 oo·

97 2103 192 2159 grove

157 2171 206 2226 llis
221 2171 308 2243 igitur
325 2172 475 2229 virtutibus
491 2175 634 2229 excellens
650 2173 752 2229 Aldina
768 2173 898 2229 reoenslo
918 2174 1001 2246 digna

98 2255 229 2311 5115615116
243 2263 286 2312 551
302 2263 329 2312 51
345 2257 406 2326 1511,
423 2273 493 2327 quae
509 2258 543 2312 ab
560 2257 770 2329 insequentibus
785 2257 830 2311 561
846 2273 897 2328 per
913 2260 1002 2314 omnia
1017 2293 1033 2313 Ι

97 2340 143 2394 561
163 2339 260 2411 pouols
275 2341 386 2395 mutatis
406 2346 591 2410 repeteretur.
637 2342 712 2395 15165
727 2341 842 2396 65111665
857 2342 1002 2413 proximae

98 2424 197 2478 6616115
214 2423 343 2478 16566561
360 2429 421 2477 5551
438 2424 575 2478 1161565155
593 2426 766 2497 Stephanus,
782 2423 858 2480 Elias
873 2425 1002 2497 Vinetus,

96 2505 223 2560 1161511165
243 2505 365 2574 Statius,
383 2506 521 2561 5115656
538 2507 702 2564 casaubono
719 2508 739 2562 ii
756 2507 801 2579 qui
820 2506 1003 2566 6555156555

98 2588 233 2644 Suetonio
251 2589 322 2643 bone
339 2596 507 2644 meruerunt.
530 2590 596 2646 Nam
613 2591 780 2648 ooniunotim
796 2607 857 2647 oum
872 2593 955 2649 libris
969 2596 1002 2649 do

97 2672 153 2728 vita
170 2671 317 2728 Caesarum
341 2672 422 2744 primi
436 2672 574 2730 Antonius
597 2675 736 2747 Gryplrius
753 2677 876 2747 Lugduni
893 2695 917 2733 a.
936 2684 1003 2738 1566

99 2763 126 2812 61
144 2757 308 2812 7156666555
324 2757 486 2813 Putmannus
501 2756 674 2830 Antverpiae
690 2777 716 2815 a.
736 2766 803 2820 1574
819 2762 904 2816 66656
922 2762 1003 2818 insti-

97 2846 216 2895 luerunt.

161 2922 265 2980 Novum
294 2925 393 2980 edendi
418 2925 620 2983 fundamentum
647 2928 714 2983 15611
738 2929 895 2984 Ludouious
918 2929 1004 2986 'lross

100 3008 246 3066 Hammone
268 3015 375 3068 61841
400 3009 515 3081 eiusque
534 3013 688 3084 exemplum
710 3011 831 3067 imitatus
844 3013 1004 3070 Friderious

100 3093 190 3151 Osann
210 3095 307 3151 Gissae
322 3099 405 3164 1854,
428 3096 557 3151 leidensi
577 3097 649 3151 libro
666 3095 831 3167 ubicumque
850 3097 1003 3156 1165156156

98 3180 206 3236 5611656
223 3180 313 3250 potuit
332 3180 406 3250 typis
423 3196 568 3251 expresso.
615 3179 673 3245 Qua
691 3181 717 3234 15
734 3198 765 3235 56
783 3197 843 3235 oum
865 3184 1004 3238 nonsatis

99 3264 275 3320 oonsiderate
301 3263 343 3318 illi
367 3263 461 3332 egisse
481 3265 641 3332 5166651555,
670 3271 745 3320 66516
770 3265 822 3320 iam
844 3269 1004 3335 quaerenda

99 3354 162 3405 sunt
178 3354 355 3416 argumenta,
379 3349 476 3417 quibus
498 3350 563 3403 boni
585 3348 649 3403 libri
667 3365 680 3402 6
698 3349 852 3421 corruptis,
874 3351 1004 3420 singulae

100 3431 238 3486 lectiones
253 3433 358 3502 probae
381 3448 395 3485 a
415 3433 492 3487 lalsis
512 3433 723 3502 distinguantur.
