2286 3944
445 253 676 303 nomrnrnuus.
1003 245 1064 307 253

86 409 278 491 emplaribns
289 409 414 486 undique
427 409 540 486 petitis,
558 409 711 486 missisque
724 407 938 470 Alexandream
952 413 999 489 qui
1016 411 1064 472 de·

86 496 225 556 riberent
236 493 491 570 emendarentque.
516 492 675 571 Numquam
688 502 783 553 tamen
795 503 842 554 aut
852 495 991 556 historiae
1004 515 1064 557 car·

87 579 222 640 nibusre
242 577 399 638 noscendis
418 593 537 655 operam
555 576 641 636 ullam
665 585 712 636 aut
730 577 796 637 stilo
821 578 870 638 vel
894 583 1063 640 necessario

86 664 149 724 uit.
189 662 310 723 Praeter
330 661 553 722 commentarios
575 669 604 720 et
627 669 692 721 acta
715 660 814 720 l'iberi
837 660 973 722 Caesaris
994 664 1063 724 nibil

86 745 226 816 ctitnbat;
243 745 383 826 epistolas
395 746 600 824 orationesque
614 753 642 803 et
653 744 748 804 edicta
761 745 856 804 alieno
869 746 1012 807 formabat
1023 751 1063 806 in·

86 832 160 893 anio.
184 831 334 891 Sermonis
346 839 441 890 tamen
452 846 507 888 nec
520 828 704 905 inelegantis,
717 828 859 889 dictorum
871 830 1009 890 interdurn
1023 840 1063 890 et-

86 934 114 977 m
133 913 319 991 notabilium,
347 911 460 974 Vellem
482 914 573 990 inquit
592 920 655 973 tum
672 912 833 991 formosus
858 931 942 990 esse,
972 933 1065 993 quam

86 996 426 1068 'decimumnonum
439 1005 469 1056 et
481 996 626 1057 cuiusdam
640 1005 726 1076 caput
736 999 875 1057 varietate
888 998 984 1077 capilli
998 998 1064 1057 sub·

86 1083 177 1147 stilum
200 1092 228 1142 et
253 1084 384 1142 incanum
402 1080 566 1159 perfusam
580 1082 680 1141 civem
693 1081 792 1142 mulso
810 1082 892 1151 dixit;
917 1081 1104 1142 condicio-2¹1

86 1186 127 1231 cm
146 1167 309 1245 principum
325 1167 511 1225 miserrimam
530 1164 639 1242 aiebat,
660 1164 771 1245 quibus
792 1165 831 1227 de
851 1166 1066 1228 coniuratione

86 1257 223 1329 imperta
236 1267 299 1311 noa
314 1250 492 1311 eraderetur
506 1249 569 1310 uisi
584 1248 706 1309 occisis.

125 1335 269 1410 Quotiens
280 1335 367 1394 otium
381 1342 476 1410 esset,
497 1333 561 1394 alea
572 1352 605 1392 se
622 1332 803 1409 oblectabat,
823 1335 907 1393 etiam
924 1333 1064 1411 profestis

88 1419 165 1481 ebus
176 1419 377 1496 matutinisque
392 1418 481 1495 horis,
494 1436 528 1477 ac
539 1416 654 1477 lavabat
668 1416 703 1477 de
716 1418 776 1494 die,
792 1417 1009 1495 prandebatque
1028 1417 1064 1476 ad

86 1505 235 1579 dietatem,
247 1511 345 1562 utnon
357 1511 468 1562 temere
479 1520 568 1581 super
582 1519 700 1560 caenam
712 1511 829 1581 praeter
840 1502 992 1562 lllatianum
1004 1519 1062 1562 ma·

86 1607 120 1651 un
136 1596 166 1647 et
182 1585 323 1646 modicam
342 1587 371 1646 in
387 1585 513 1665 ampulla
533 1585 728 1664 potiunculam
750 1595 885 1646 sumeret.
920 1584 1062 1645 Conviva·

86 1682 148 1735 ntur
157 1671 327 1748 frequenter
339 1690 373 1730 ac
387 1670 481 1748 large,
498 1669 549 1729 sed
567 1688 660 1748 paene
678 1673 793 1749 raptim;
814 1679 895 1729 certe
915 1688 972 1728 non
989 1669 1062 1729 ultra

86 1757 137 1818 >lis
155 1773 307 1832 occasum,
325 1774 380 1814 nec
398 1763 428 1813 ut
448 1763 550 1832 postea
573 1754 787 1814 comissaretur.
819 1753 892 1814 Nam
911 1754 946 1813 ad
961 1753 1062 1813 horam

86 1840 158 1904 ›mni
168 1838 238 1898 nihil
251 1839 326 1899 aliud
338 1856 421 1917 quam
432 1839 512 1898 solus
523 1847 640 1898 secreto
652 1838 863 1899 deambulabat.

124 1922 262 1984 Libidinis
272 1924 383 2000 nimiae,
398 1923 592 1983 assiduitatem
608 1922 777 1982 concubitus
789 1922 868 1982 velut
880 1921 1106 1981 exercitatio-22

86 2012 109 2070 is
120 2025 216 2086 genus
230 2007 395 2086 clinopalen
414 2007 553 2076 vocabat;
576 2017 696 2085 eratque
716 2008 804 2082 lama,
828 2007 908 2084 quasi
928 2004 1063 2065 concubi-

86 2112 115 2155 as
127 2094 194 2171 ipse
206 2090 368 2152 deuelleret
378 2101 547 2170 nataretque
566 2095 640 2150 inter
657 2092 872 2168 uulgatissimas
883 2089 1063 2149 meretrices.

86 2177 177 2239 ratris
194 2175 295 2253 liliam,
315 2175 407 2235 adhuc
425 2177 565 2253 virginem
588 2175 713 2236 oblatam
735 2177 763 2234 in
781 2175 989 2233 matrimonium
1009 2172 1064 2232 sibi

86 2280 130 2323 um
142 2261 292 2320 devinctus
303 2260 446 2320 Domitiae
457 2261 563 2338 nuptiis
575 2261 804 2337 pertinacissime
816 2267 993 2335 recusasset,
1005 2275 1064 2317 non

86 2345 155 2409 tulto
168 2354 236 2423 post
251 2344 299 2405 alii
318 2344 515 2421 conlocatam,
530 2347 658 2423 corrupit
672 2344 746 2404 ultro
761 2353 790 2404 et
807 2344 921 2424 quidem
938 2345 1006 2403 viro
1023 2351 1063 2402 et·

86 2448 120 2492 un
132 2438 192 2488 tum
203 2429 282 2498 Tito;
300 2446 368 2488 mox
380 2438 462 2507 patre
476 2447 510 2489 ae
521 2430 583 2487 viro
597 2428 726 2489 orbatam
743 2428 942 2490 ardentissime
957 2427 1063 2507 palam-

86 2533 122 2575 ne
136 2512 246 2591 dilexit,
258 2522 288 2572 ut
301 2515 385 2573 etiarn
398 2532 484 2574 cansa
497 2515 598 2573 mortis
614 2514 740 2573 extiterit
753 2522 872 2575 coactae
891 2522 1064 2592 conceptum

92 2616 129 2660 se
142 2596 271 2673 abigere.

130 2680 265 2741 Occisum
280 2700 344 2741 eum
356 2682 481 2761 populus
499 2681 712 2760 indifferenter,
724 2683 807 2742 miles
819 2683 990 2759 gravissime
1003 2679 1065 2739 tulit
1072 2685 1108 2738 23

86 2767 219 2845 :atimque
234 2765 335 2825 Divum
347 2766 498 2845 appellare
510 2776 630 2827 conatus
643 2775 698 2844 est,
710 2776 828 2847 paratus
841 2775 870 2825 et
884 2764 996 2841 ulcisci,
1010 2762 1066 2822 nisi

86 2868 160 2913 nces
177 2849 348 2921 defuissent;
367 2851 444 2930 quod
459 2851 572 2930 quidem
584 2851 670 2931 paulo
686 2862 753 2931 post
770 2851 854 2927 iecit,
874 2847 1065 2928 expostulatis

86 2935 240 3015 lpoenam
255 2936 483 3013 pertinacissime
501 2935 599 2997 caedis
614 2936 789 2996 auctoribus.
825 2932 933 2994 Contra
949 2940 1065 2992 senatus

86 3020 143 3082 leo
161 3017 281 3079 laetatus
297 3028 359 3098 est,
375 3029 405 3081 m
422 3021 535 3100 repleta
555 3023 685 3082 certatim
704 3021 783 3080 curia
801 3037 859 3079 non
877 3025 1064 3096 temperaret,

86 3105 136 3166 nin
151 3111 289 3164 mortuum
306 3105 595 3166 contumeliosissimo
612 3115 697 3184 atque
715 3104 905 3164 acerbissimo
923 3100 1064 3162 adclama-

86 3206 177 3252 onnm
194 3205 303 3265 genere
321 3189 484 3269 laceraret,
503 3191 601 3252 scalas
619 3192 704 3249 etiam
721 3189 821 3248 inferri
843 3187 1017 3265 clipeosque
1037 3193 1066 3243 et

86 3274 211 3350 nagines
227 3273 288 3333 eins
305 3291 402 3335 eoram
415 3276 525 3336 detrahi
539 3285 567 3337 et
579 3275 685 3335 ibidem
697 3273 762 3334 solo
774 3272 864 3349 affligi
876 3270 1000 3346 iuberet,
1013 3286 1065 3328 no·

89 3359 186 3419 ssime
203 3355 362 3420 eradendos
376 3359 484 3440 ubique
509 3361 607 3422 titulos
625 3358 855 3437 abolendamque
874 3373 986 3415 omnem
1007 3371 1065 3412 me·

87 3442 189 3505 oriam
200 3440 378 3504 decerneret.

129 3525 207 3586 Ante
220 3544 328 3606 paucos
340 3547 422 3608 qnam
436 3530 612 3580 arrideret-¹·
632 3546 747 3588 renscn
762 3529 864 3588 carniv
878 3528 906 3585 ir
920 3522 1055 3592 ‘'rbitoli‘
