<?xml version="1.0" encoding="UTF-8"?>
<!DOCTYPE html PUBLIC "-//W3C//DTD XHTML 1.0 Transitional//EN"
    "http://www.w3.org/TR/xhtml1/DTD/xhtml1-transitional.dtd">
<html xmlns="http://www.w3.org/1999/xhtml" xml:lang="en" lang="en">
 <head>
  <title>
</title>
<meta http-equiv="Content-Type" content="text/html;charset=utf-8" />
  <meta name='ocr-system' content='tesseract 3.04.00' />
  <meta name='ocr-capabilities' content='ocr_page ocr_carea ocr_par ocr_line ocrx_word'/>
</head>
<body>
  <div class='ocr_page' id='page_1' title='image "./csuetonitranqui01suetgoog_0214.png"; bbox 0 0 2256 3930; ppageno 0'>
   <div class='ocr_carea' id='block_1_1' title="bbox 487 214 1063 276">
    <p class='ocr_par' dir='ltr' id='par_1_1' title="bbox 487 214 1063 276">
     <span class='ocr_line' id='line_1_1' title="bbox 487 214 1063 276; baseline 0.003 -4"><span class='ocrx_word' id='word_1_1' title='bbox 487 223 658 272; x_wconf 82' lang='lat' dir='ltr'>rrsunrus.</span> <span class='ocrx_word' id='word_1_2' title='bbox 1003 214 1063 276; x_wconf 78' lang='lat'>105</span> 
     </span>
    </p>
   </div>
   <div class='ocr_carea' id='block_1_2' title="bbox 10 378 1108 3551">
    <p class='ocr_par' dir='ltr' id='par_1_2' title="bbox 10 378 1108 3551">
     <span class='ocr_line' id='line_1_2' title="bbox 58 378 1062 457; baseline 0 -17"><span class='ocrx_word' id='word_1_3' title='bbox 58 380 209 441; x_wconf 90' lang='lat' dir='ltr'>seductum</span> <span class='ocrx_word' id='word_1_4' title='bbox 226 387 446 457; x_wconf 77' lang='lat' dir='ltr'>constupraret,</span> <span class='ocrx_word' id='word_1_5' title='bbox 468 378 610 456; x_wconf 91' lang='lat' dir='ltr'>simulque</span> <span class='ocrx_word' id='word_1_6' title='bbox 625 378 742 439; x_wconf 79' lang='lat' dir='ltr'>fratrem</span> <span class='ocrx_word' id='word_1_7' title='bbox 759 380 821 439; x_wconf 88' lang='lat' dir='ltr'>eius</span> <span class='ocrx_word' id='word_1_8' title='bbox 836 378 998 450; x_wconf 68' lang='lat' dir='ltr'>tibicinem</span> <span class='ocrx_word' id='word_1_9' title='bbox 1022 389 1062 442; x_wconf 76' lang='lat' dir='ltr'>et</span> 
     </span>
     <span class='ocr_line' id='line_1_3' title="bbox 59 461 1063 543; baseline 0.002 -21"><span class='ocrx_word' id='word_1_10' title='bbox 59 481 118 543; x_wconf 90' lang='lat' dir='ltr'>que</span> <span class='ocrx_word' id='word_1_11' title='bbox 134 465 247 542; x_wconf 89' lang='lat' dir='ltr'>utrique</span> <span class='ocrx_word' id='word_1_12' title='bbox 262 479 343 539; x_wconf 89' lang='lat' dir='ltr'>mox,</span> <span class='ocrx_word' id='word_1_13' title='bbox 367 462 445 543; x_wconf 91' lang='lat' dir='ltr'>quod</span> <span class='ocrx_word' id='word_1_14' title='bbox 459 470 556 521; x_wconf 92' lang='lat' dir='ltr'>mutuo</span> <span class='ocrx_word' id='word_1_15' title='bbox 572 461 709 538; x_wconf 88' lang='lat' dir='ltr'>llagitium</span> <span class='ocrx_word' id='word_1_16' title='bbox 726 462 955 541; x_wconf 75' lang='lat' dir='ltr'>exprobrarant,</span> <span class='ocrx_word' id='word_1_17' title='bbox 979 482 1063 524; x_wconf 90' lang='lat' dir='ltr'>crura</span> 
     </span>
     <span class='ocr_line' id='line_1_4' title="bbox 57 545 1107 626; baseline -0.001 -19"><span class='ocrx_word' id='word_1_18' title='bbox 57 548 197 624; x_wconf 81' lang='lat' dir='ltr'>fregisse.</span> <span class='ocrx_word' id='word_1_19' title='bbox 225 546 406 608; x_wconf 84' lang='lat' dir='ltr'>Feminarum</span> <span class='ocrx_word' id='word_1_20' title='bbox 422 563 550 624; x_wconf 91' lang='lat' dir='ltr'>quoque,</span> <span class='ocrx_word' id='word_1_21' title='bbox 567 553 596 605; x_wconf 91' lang='lat' dir='ltr'>et</span> <span class='ocrx_word' id='word_1_22' title='bbox 610 545 724 624; x_wconf 91' lang='lat' dir='ltr'>quidem</span> <span class='ocrx_word' id='word_1_23' title='bbox 740 546 903 623; x_wconf 87' lang='lat' dir='ltr'>illustrium,</span> <span class='ocrx_word' id='word_1_24' title='bbox 919 547 1107 626; x_wconf 68' lang='lat' dir='ltr'>capitibusas</span> 
     </span>
     <span class='ocr_line' id='line_1_5' title="bbox 61 629 1062 709; baseline 0.003 -19"><span class='ocrx_word' id='word_1_25' title='bbox 61 640 168 709; x_wconf 90' lang='lat' dir='ltr'>quanto</span> <span class='ocrx_word' id='word_1_26' title='bbox 182 647 274 708; x_wconf 91' lang='lat' dir='ltr'>opere</span> <span class='ocrx_word' id='word_1_27' title='bbox 289 630 391 690; x_wconf 92' lang='lat' dir='ltr'>solitus</span> <span class='ocrx_word' id='word_1_28' title='bbox 407 631 443 690; x_wconf 88' lang='lat' dir='ltr'>sit</span> <span class='ocrx_word' id='word_1_29' title='bbox 457 629 598 704; x_wconf 90' lang='lat' dir='ltr'>inludere,</span> <span class='ocrx_word' id='word_1_30' title='bbox 612 629 827 690; x_wconf 88' lang='lat' dir='ltr'>evidentissime</span> <span class='ocrx_word' id='word_1_31' title='bbox 845 634 978 709; x_wconf 90' lang='lat' dir='ltr'>apparuit</span> <span class='ocrx_word' id='word_1_32' title='bbox 991 631 1062 693; x_wconf 89' lang='lat' dir='ltr'>blal-</span> 
     </span>
     <span class='ocr_line' id='line_1_6' title="bbox 35 711 1064 794; baseline 0.001 -20"><span class='ocrx_word' id='word_1_33' title='bbox 35 715 157 774; x_wconf 82' lang='lat' dir='ltr'>sloniae</span> <span class='ocrx_word' id='word_1_34' title='bbox 170 713 316 774; x_wconf 91' lang='lat' dir='ltr'>cuiusdam</span> <span class='ocrx_word' id='word_1_35' title='bbox 327 715 413 791; x_wconf 89' lang='lat' dir='ltr'>exitu,</span> <span class='ocrx_word' id='word_1_36' title='bbox 430 731 514 792; x_wconf 88' lang='lat' dir='ltr'>quam</span> <span class='ocrx_word' id='word_1_37' title='bbox 527 711 694 792; x_wconf 85' lang='lat' dir='ltr'>perductam</span> <span class='ocrx_word' id='word_1_38' title='bbox 707 731 762 773; x_wconf 92' lang='lat' dir='ltr'>nec</span> <span class='ocrx_word' id='word_1_39' title='bbox 777 715 929 792; x_wconf 90' lang='lat' dir='ltr'>quicquam</span> <span class='ocrx_word' id='word_1_40' title='bbox 940 715 1064 794; x_wconf 90' lang='lat' dir='ltr'>amplius</span> 
     </span>
     <span class='ocr_line' id='line_1_7' title="bbox 59 795 1064 877; baseline 0.001 -19"><span class='ocrx_word' id='word_1_41' title='bbox 59 798 121 877; x_wconf 92' lang='lat' dir='ltr'>pati</span> <span class='ocrx_word' id='word_1_42' title='bbox 149 798 379 857; x_wconf 88' lang='lat' dir='ltr'>constantissime</span> <span class='ocrx_word' id='word_1_43' title='bbox 406 805 588 857; x_wconf 84' lang='lat' dir='ltr'>recusantem</span> <span class='ocrx_word' id='word_1_44' title='bbox 613 795 792 856; x_wconf 87' lang='lat' dir='ltr'>delatoribus</span> <span class='ocrx_word' id='word_1_45' title='bbox 818 796 941 874; x_wconf 90' lang='lat' dir='ltr'>obiecit,</span> <span class='ocrx_word' id='word_1_46' title='bbox 968 817 1002 859; x_wconf 87' lang='lat' dir='ltr'>ac</span> <span class='ocrx_word' id='word_1_47' title='bbox 1026 817 1064 859; x_wconf 94' lang='lat' dir='ltr'>ne</span> 
     </span>
     <span class='ocr_line' id='line_1_8' title="bbox 59 879 1065 959; baseline 0.001 -19"><span class='ocrx_word' id='word_1_48' title='bbox 59 899 140 940; x_wconf 90' lang='lat' dir='ltr'>ream</span> <span class='ocrx_word' id='word_1_49' title='bbox 157 879 270 959; x_wconf 92' lang='lat' dir='ltr'>quidem</span> <span class='ocrx_word' id='word_1_50' title='bbox 285 880 473 959; x_wconf 85' lang='lat' dir='ltr'>interpellare</span> <span class='ocrx_word' id='word_1_51' title='bbox 491 880 591 957; x_wconf 88' lang='lat' dir='ltr'>desiit,</span> <span class='ocrx_word' id='word_1_52' title='bbox 607 880 712 958; x_wconf 88' lang='lat' dir='ltr'>ecquid</span> <span class='ocrx_word' id='word_1_53' title='bbox 728 882 904 958; x_wconf 89' lang='lat' dir='ltr'>paeniteret;</span> <span class='ocrx_word' id='word_1_54' title='bbox 921 881 1015 941; x_wconf 92' lang='lat' dir='ltr'>donec</span> <span class='ocrx_word' id='word_1_55' title='bbox 1030 900 1065 942; x_wconf 87' lang='lat' dir='ltr'>ea</span> 
     </span>
     <span class='ocr_line' id='line_1_9' title="bbox 59 964 1064 1042; baseline 0.002 -18"><span class='ocrx_word' id='word_1_56' title='bbox 59 965 165 1024; x_wconf 92' lang='lat' dir='ltr'>relicto</span> <span class='ocrx_word' id='word_1_57' title='bbox 181 964 287 1024; x_wconf 91' lang='lat' dir='ltr'>iudicio</span> <span class='ocrx_word' id='word_1_58' title='bbox 305 964 418 1024; x_wconf 92' lang='lat' dir='ltr'>domum</span> <span class='ocrx_word' id='word_1_59' title='bbox 433 983 466 1024; x_wconf 93' lang='lat' dir='ltr'>se</span> <span class='ocrx_word' id='word_1_60' title='bbox 480 964 605 1042; x_wconf 88' lang='lat' dir='ltr'>abripuit</span> <span class='ocrx_word' id='word_1_61' title='bbox 619 965 758 1042; x_wconf 83' lang='lat' dir='ltr'>ferroque</span> <span class='ocrx_word' id='word_1_62' title='bbox 775 965 926 1042; x_wconf 78' lang='lat' dir='ltr'>transegit,</span> <span class='ocrx_word' id='word_1_63' title='bbox 944 964 1064 1026; x_wconf 90' lang='lat' dir='ltr'>obscae-</span> 
     </span>
     <span class='ocr_line' id='line_1_10' title="bbox 60 1046 1065 1127; baseline 0.003 -21"><span class='ocrx_word' id='word_1_64' title='bbox 60 1049 151 1109; x_wconf 85' lang='lat' dir='ltr'>nitate</span> <span class='ocrx_word' id='word_1_65' title='bbox 173 1049 233 1109; x_wconf 91' lang='lat' dir='ltr'>oris</span> <span class='ocrx_word' id='word_1_66' title='bbox 254 1046 364 1108; x_wconf 90' lang='lat' dir='ltr'>hirsuto</span> <span class='ocrx_word' id='word_1_67' title='bbox 386 1057 474 1127; x_wconf 91' lang='lat' dir='ltr'>atque</span> <span class='ocrx_word' id='word_1_68' title='bbox 490 1048 568 1108; x_wconf 93' lang='lat' dir='ltr'>olido</span> <span class='ocrx_word' id='word_1_69' title='bbox 585 1048 648 1108; x_wconf 91' lang='lat' dir='ltr'>seni</span> <span class='ocrx_word' id='word_1_70' title='bbox 665 1048 744 1108; x_wconf 93' lang='lat' dir='ltr'>clare</span> <span class='ocrx_word' id='word_1_71' title='bbox 761 1048 949 1127; x_wconf 90' lang='lat' dir='ltr'>exprobrata.</span> <span class='ocrx_word' id='word_1_72' title='bbox 981 1048 1065 1110; x_wconf 87' lang='lat' dir='ltr'>Unde</span> 
     </span>
     <span class='ocr_line' id='line_1_11' title="bbox 19 1131 1064 1210; baseline 0.001 -19"><span class='ocrx_word' id='word_1_73' title='bbox 19 1147 49 1191; x_wconf 77' lang='lat' dir='ltr'>ro</span> <span class='ocrx_word' id='word_1_74' title='bbox 60 1150 143 1191; x_wconf 92' lang='lat' dir='ltr'>mora</span> <span class='ocrx_word' id='word_1_75' title='bbox 163 1133 191 1191; x_wconf 92' lang='lat' dir='ltr'>in</span> <span class='ocrx_word' id='word_1_76' title='bbox 206 1131 371 1192; x_wconf 79' lang='lat' dir='ltr'>Atellanico</span> <span class='ocrx_word' id='word_1_77' title='bbox 388 1131 528 1209; x_wconf 90' lang='lat' dir='ltr'>exhodio,</span> <span class='ocrx_word' id='word_1_78' title='bbox 553 1132 693 1210; x_wconf 85' lang='lat' dir='ltr'>proximis</span> <span class='ocrx_word' id='word_1_79' title='bbox 709 1131 783 1192; x_wconf 93' lang='lat' dir='ltr'>ludis</span> <span class='ocrx_word' id='word_1_80' title='bbox 798 1132 923 1193; x_wconf 90' lang='lat' dir='ltr'>adsensu</span> <span class='ocrx_word' id='word_1_81' title='bbox 940 1133 1064 1192; x_wconf 89' lang='lat' dir='ltr'>maximo</span> 
     </span>
     <span class='ocr_line' id='line_1_12' title="bbox 61 1214 1065 1295; baseline 0.002 -21"><span class='ocrx_word' id='word_1_82' title='bbox 61 1225 206 1293; x_wconf 90' lang='lat' dir='ltr'>excepta,</span> <span class='ocrx_word' id='word_1_83' title='bbox 232 1215 430 1294; x_wconf 87' lang='lat' dir='ltr'>percrebruit,</span> <span class='ocrx_word' id='word_1_84' title='bbox 459 1214 578 1276; x_wconf 80' lang='lat' dir='ltr'>bircam</span> <span class='ocrx_word' id='word_1_85' title='bbox 601 1215 735 1277; x_wconf 82' lang='lat' dir='ltr'>vetulum</span> <span class='ocrx_word' id='word_1_86' title='bbox 760 1214 893 1295; x_wconf 79' lang='lat' dir='ltr'>Capreis</span> <span class='ocrx_word' id='word_1_87' title='bbox 919 1222 1065 1276; x_wconf 82' lang='lat' dir='ltr'>uotorum</span> 
     </span>
     <span class='ocr_line' id='line_1_13' title="bbox 61 1299 216 1377; baseline 0.006 -19"><span class='ocrx_word' id='word_1_88' title='bbox 61 1299 216 1377; x_wconf 76' lang='lat' dir='ltr'>liquerire.</span> 
     </span>
     <span class='ocr_line' id='line_1_14' title="bbox 124 1383 1108 1462; baseline 0.004 -21"><span class='ocrx_word' id='word_1_89' title='bbox 124 1383 267 1442; x_wconf 90' lang='lat' dir='ltr'>Pecuniae</span> <span class='ocrx_word' id='word_1_90' title='bbox 289 1399 395 1462; x_wconf 88' lang='lat' dir='ltr'>parcus</span> <span class='ocrx_word' id='word_1_91' title='bbox 416 1401 451 1443; x_wconf 93' lang='lat' dir='ltr'>ac</span> <span class='ocrx_word' id='word_1_92' title='bbox 471 1393 573 1459; x_wconf 83' lang='lat' dir='ltr'>tenax,</span> <span class='ocrx_word' id='word_1_93' title='bbox 596 1384 718 1443; x_wconf 89' lang='lat' dir='ltr'>comites</span> <span class='ocrx_word' id='word_1_94' title='bbox 734 1385 998 1462; x_wconf 76' lang='lat' dir='ltr'>peregrinationum</span> <span class='ocrx_word' id='word_1_95' title='bbox 1012 1394 1108 1450; x_wconf 76' lang='lat' dir='ltr'>err-46</span> 
     </span>
     <span class='ocr_line' id='line_1_15' title="bbox 62 1466 1063 1546; baseline 0.003 -22"><span class='ocrx_word' id='word_1_96' title='bbox 62 1466 297 1544; x_wconf 91' lang='lat' dir='ltr'>peditionumque</span> <span class='ocrx_word' id='word_1_97' title='bbox 313 1483 464 1544; x_wconf 90' lang='lat' dir='ltr'>numquam</span> <span class='ocrx_word' id='word_1_98' title='bbox 481 1467 604 1543; x_wconf 90' lang='lat' dir='ltr'>salario,</span> <span class='ocrx_word' id='word_1_99' title='bbox 624 1466 742 1526; x_wconf 89' lang='lat' dir='ltr'>cibariis</span> <span class='ocrx_word' id='word_1_100' title='bbox 760 1476 866 1527; x_wconf 90' lang='lat' dir='ltr'>tanturn</span> <span class='ocrx_word' id='word_1_101' title='bbox 882 1469 1063 1546; x_wconf 82' lang='lat' dir='ltr'>sustentauit,</span> 
     </span>
     <span class='ocr_line' id='line_1_16' title="bbox 26 1549 1064 1630; baseline 0.004 -22"><span class='ocrx_word' id='word_1_102' title='bbox 26 1565 53 1608; x_wconf 86' lang='lat' dir='ltr'>rc</span> <span class='ocrx_word' id='word_1_103' title='bbox 64 1568 118 1609; x_wconf 92' lang='lat' dir='ltr'>una</span> <span class='ocrx_word' id='word_1_104' title='bbox 133 1549 219 1610; x_wconf 94' lang='lat' dir='ltr'>modo</span> <span class='ocrx_word' id='word_1_105' title='bbox 237 1549 412 1610; x_wconf 89' lang='lat' dir='ltr'>liberalitate</span> <span class='ocrx_word' id='word_1_106' title='bbox 427 1569 465 1610; x_wconf 86' lang='lat' dir='ltr'>ex</span> <span class='ocrx_word' id='word_1_107' title='bbox 485 1551 661 1627; x_wconf 79' lang='lat' dir='ltr'>indulgentia</span> <span class='ocrx_word' id='word_1_108' title='bbox 676 1552 770 1611; x_wconf 85' lang='lat' dir='ltr'>vitrici</span> <span class='ocrx_word' id='word_1_109' title='bbox 785 1561 974 1630; x_wconf 89' lang='lat' dir='ltr'>prosecutus,</span> <span class='ocrx_word' id='word_1_110' title='bbox 1000 1570 1064 1612; x_wconf 89' lang='lat' dir='ltr'>cunr</span> 
     </span>
     <span class='ocr_line' id='line_1_17' title="bbox 63 1633 1064 1713; baseline 0.005 -22"><span class='ocrx_word' id='word_1_111' title='bbox 63 1633 154 1692; x_wconf 88' lang='lat' dir='ltr'>tribus</span> <span class='ocrx_word' id='word_1_112' title='bbox 170 1633 312 1693; x_wconf 90' lang='lat' dir='ltr'>classibus</span> <span class='ocrx_word' id='word_1_113' title='bbox 327 1633 411 1692; x_wconf 84' lang='lat' dir='ltr'>luctis</span> <span class='ocrx_word' id='word_1_114' title='bbox 424 1651 478 1712; x_wconf 91' lang='lat' dir='ltr'>pro</span> <span class='ocrx_word' id='word_1_115' title='bbox 490 1634 629 1711; x_wconf 84' lang='lat' dir='ltr'>dignitate</span> <span class='ocrx_word' id='word_1_116' title='bbox 642 1636 791 1713; x_wconf 90' lang='lat' dir='ltr'>cuiusque,</span> <span class='ocrx_word' id='word_1_117' title='bbox 808 1637 916 1713; x_wconf 90' lang='lat' dir='ltr'>primae</span> <span class='ocrx_word' id='word_1_118' title='bbox 928 1645 1064 1696; x_wconf 86' lang='lat' dir='ltr'>sescenta</span> 
     </span>
     <span class='ocr_line' id='line_1_18' title="bbox 64 1717 1063 1797; baseline 0.002 -21"><span class='ocrx_word' id='word_1_119' title='bbox 64 1718 213 1794; x_wconf 91' lang='lat' dir='ltr'>sestertia,</span> <span class='ocrx_word' id='word_1_120' title='bbox 237 1717 381 1777; x_wconf 93' lang='lat' dir='ltr'>secundae</span> <span class='ocrx_word' id='word_1_121' title='bbox 404 1717 612 1796; x_wconf 85' lang='lat' dir='ltr'>quadringenta</span> <span class='ocrx_word' id='word_1_122' title='bbox 634 1717 791 1795; x_wconf 88' lang='lat' dir='ltr'>distribuit,</span> <span class='ocrx_word' id='word_1_123' title='bbox 813 1719 934 1779; x_wconf 89' lang='lat' dir='ltr'>ducenta</span> <span class='ocrx_word' id='word_1_124' title='bbox 949 1721 1063 1797; x_wconf 85' lang='lat' dir='ltr'>tertiae,</span> 
     </span>
     <span class='ocr_line' id='line_1_19' title="bbox 64 1801 827 1880; baseline 0 -21"><span class='ocrx_word' id='word_1_125' title='bbox 64 1818 147 1878; x_wconf 87' lang='lat' dir='ltr'>quam</span> <span class='ocrx_word' id='word_1_126' title='bbox 162 1817 219 1859; x_wconf 93' lang='lat' dir='ltr'>non</span> <span class='ocrx_word' id='word_1_127' title='bbox 234 1802 405 1878; x_wconf 90' lang='lat' dir='ltr'>amicorum,</span> <span class='ocrx_word' id='word_1_128' title='bbox 421 1801 473 1861; x_wconf 90' lang='lat' dir='ltr'>sed</span> <span class='ocrx_word' id='word_1_129' title='bbox 489 1811 637 1879; x_wconf 87' lang='lat' dir='ltr'>gratorum</span> <span class='ocrx_word' id='word_1_130' title='bbox 651 1801 827 1880; x_wconf 87' lang='lat' dir='ltr'>appellabat.</span> 
     </span>
     <span class='ocr_line' id='line_1_20' title="bbox 123 1882 1106 1965; baseline 0.002 -22"><span class='ocrx_word' id='word_1_131' title='bbox 123 1884 263 1962; x_wconf 92' lang='lat' dir='ltr'>Princeps</span> <span class='ocrx_word' id='word_1_132' title='bbox 284 1902 380 1962; x_wconf 89' lang='lat' dir='ltr'>neque</span> <span class='ocrx_word' id='word_1_133' title='bbox 401 1901 492 1964; x_wconf 87' lang='lat' dir='ltr'>opera</span> <span class='ocrx_word' id='word_1_134' title='bbox 512 1885 570 1945; x_wconf 93' lang='lat' dir='ltr'>ulla</span> <span class='ocrx_word' id='word_1_135' title='bbox 592 1887 745 1962; x_wconf 84' lang='lat' dir='ltr'>magnilica</span> <span class='ocrx_word' id='word_1_136' title='bbox 760 1886 830 1945; x_wconf 88' lang='lat' dir='ltr'>fecit</span> <span class='ocrx_word' id='word_1_137' title='bbox 848 1887 928 1965; x_wconf 90' lang='lat' dir='ltr'>(nam</span> <span class='ocrx_word' id='word_1_138' title='bbox 944 1895 973 1944; x_wconf 88' lang='lat' dir='ltr'>et</span> <span class='ocrx_word' id='word_1_139' title='bbox 989 1882 1106 1963; x_wconf 71' lang='lat' dir='ltr'>quael?</span> 
     </span>
     <span class='ocr_line' id='line_1_21' title="bbox 10 1967 1063 2046; baseline -0.002 -17"><span class='ocrx_word' id='word_1_140' title='bbox 10 1967 125 2041; x_wconf 67' lang='lat' dir='ltr'>,roseln</span> <span class='ocrx_word' id='word_1_141' title='bbox 147 1975 333 2045; x_wconf 89' lang='lat' dir='ltr'>susceperat,</span> <span class='ocrx_word' id='word_1_142' title='bbox 356 1967 480 2045; x_wconf 82' lang='lat' dir='ltr'>Augusti</span> <span class='ocrx_word' id='word_1_143' title='bbox 500 1969 638 2046; x_wconf 92' lang='lat' dir='ltr'>templum</span> <span class='ocrx_word' id='word_1_144' title='bbox 659 1970 926 2046; x_wconf 88' lang='lat' dir='ltr'>restitutionemque</span> <span class='ocrx_word' id='word_1_145' title='bbox 941 1968 1063 2046; x_wconf 92' lang='lat' dir='ltr'>Pompe·</span> 
     </span>
     <span class='ocr_line' id='line_1_22' title="bbox 10 2050 1064 2130; baseline 0.001 -21"><span class='ocrx_word' id='word_1_146' title='bbox 10 2086 19 2109; x_wconf 90' lang='lat'>·.</span> <span class='ocrx_word' id='word_1_147' title='bbox 63 2052 120 2111; x_wconf 92' lang='lat' dir='ltr'>iani</span> <span class='ocrx_word' id='word_1_148' title='bbox 142 2050 262 2126; x_wconf 87' lang='lat' dir='ltr'>theatri,</span> <span class='ocrx_word' id='word_1_149' title='bbox 283 2051 453 2128; x_wconf 77' lang='lat' dir='ltr'>imperfecta</span> <span class='ocrx_word' id='word_1_150' title='bbox 474 2060 542 2130; x_wconf 93' lang='lat' dir='ltr'>post</span> <span class='ocrx_word' id='word_1_151' title='bbox 565 2060 609 2110; x_wconf 91' lang='lat' dir='ltr'>tot</span> <span class='ocrx_word' id='word_1_152' title='bbox 631 2069 721 2111; x_wconf 93' lang='lat' dir='ltr'>annos</span> <span class='ocrx_word' id='word_1_153' title='bbox 734 2051 865 2130; x_wconf 89' lang='lat' dir='ltr'>reliquit)</span> <span class='ocrx_word' id='word_1_154' title='bbox 887 2069 983 2128; x_wconf 90' lang='lat' dir='ltr'>neque</span> <span class='ocrx_word' id='word_1_155' title='bbox 998 2069 1064 2130; x_wconf 90' lang='lat' dir='ltr'>spe-</span> 
     </span>
     <span class='ocr_line' id='line_1_23' title="bbox 10 2133 1064 2212; baseline 0.001 -19"><span class='ocrx_word' id='word_1_156' title='bbox 10 2158 19 2207; x_wconf 74' lang='lat'>⁵.</span> <span class='ocrx_word' id='word_1_157' title='bbox 64 2133 176 2193; x_wconf 90' lang='lat' dir='ltr'>ctacula</span> <span class='ocrx_word' id='word_1_158' title='bbox 192 2134 305 2192; x_wconf 92' lang='lat' dir='ltr'>omnino</span> <span class='ocrx_word' id='word_1_159' title='bbox 322 2133 424 2203; x_wconf 91' lang='lat' dir='ltr'>edidit;</span> <span class='ocrx_word' id='word_1_160' title='bbox 441 2144 470 2194; x_wconf 93' lang='lat' dir='ltr'>et</span> <span class='ocrx_word' id='word_1_161' title='bbox 485 2136 531 2210; x_wconf 92' lang='lat' dir='ltr'>iis,</span> <span class='ocrx_word' id='word_1_162' title='bbox 547 2152 620 2212; x_wconf 92' lang='lat' dir='ltr'>quae</span> <span class='ocrx_word' id='word_1_163' title='bbox 635 2134 671 2194; x_wconf 91' lang='lat' dir='ltr'>ab</span> <span class='ocrx_word' id='word_1_164' title='bbox 687 2135 784 2212; x_wconf 91' lang='lat' dir='ltr'>aliquo</span> <span class='ocrx_word' id='word_1_165' title='bbox 803 2135 968 2210; x_wconf 89' lang='lat' dir='ltr'>ederentur,</span> <span class='ocrx_word' id='word_1_166' title='bbox 980 2137 1064 2194; x_wconf 91' lang='lat' dir='ltr'>raris·</span> 
     </span>
     <span class='ocr_line' id='line_1_24' title="bbox 10 2217 1064 2313; baseline 0.002 -37"><span class='ocrx_word' id='word_1_167' title='bbox 10 2254 19 2313; x_wconf 64' lang='lat' dir='ltr'>p</span> <span class='ocrx_word' id='word_1_168' title='bbox 63 2218 134 2277; x_wconf 90' lang='lat' dir='ltr'>sime</span> <span class='ocrx_word' id='word_1_169' title='bbox 158 2217 300 2293; x_wconf 86' lang='lat' dir='ltr'>interluit,</span> <span class='ocrx_word' id='word_1_170' title='bbox 322 2236 358 2277; x_wconf 91' lang='lat' dir='ltr'>ne</span> <span class='ocrx_word' id='word_1_171' title='bbox 383 2217 450 2295; x_wconf 93' lang='lat' dir='ltr'>quid</span> <span class='ocrx_word' id='word_1_172' title='bbox 471 2225 697 2296; x_wconf 90' lang='lat' dir='ltr'>exposceretur,</span> <span class='ocrx_word' id='word_1_173' title='bbox 721 2219 818 2296; x_wconf 94' lang='lat' dir='ltr'>utique</span> <span class='ocrx_word' id='word_1_174' title='bbox 839 2226 994 2297; x_wconf 89' lang='lat' dir='ltr'>postquam</span> <span class='ocrx_word' id='word_1_175' title='bbox 1016 2235 1064 2278; x_wconf 89' lang='lat' dir='ltr'>co·</span> 
     </span>
     <span class='ocr_line' id='line_1_25' title="bbox 14 2299 1066 2374; baseline 0 -14"><span class='ocrx_word' id='word_1_176' title='bbox 14 2338 17 2374; x_wconf 65' lang='lat'><em>3</em></span> <span class='ocrx_word' id='word_1_177' title='bbox 62 2299 317 2360; x_wconf 81' lang='lat' dir='ltr'>moedumActium</span> <span class='ocrx_word' id='word_1_178' title='bbox 330 2309 450 2361; x_wconf 86' lang='lat' dir='ltr'>coactus</span> <span class='ocrx_word' id='word_1_179' title='bbox 462 2309 507 2361; x_wconf 89' lang='lat' dir='ltr'>est</span> <span class='ocrx_word' id='word_1_180' title='bbox 513 2302 719 2361; x_wconf 87' lang='lat' dir='ltr'>manumittere.</span> <span class='ocrx_word' id='word_1_181' title='bbox 733 2301 1066 2362; x_wconf 90' lang='lat' dir='ltr'>Paucorumsenatorum</span> 
     </span>
     <span class='ocr_line' id='line_1_26' title="bbox 25 2384 1066 2464; baseline 0.007 -27"><span class='ocrx_word' id='word_1_182' title='bbox 25 2384 163 2461; x_wconf 79' lang='lat' dir='ltr'>asinopia</span> <span class='ocrx_word' id='word_1_183' title='bbox 185 2392 357 2461; x_wconf 90' lang='lat' dir='ltr'>sustentata,</span> <span class='ocrx_word' id='word_1_184' title='bbox 378 2403 415 2444; x_wconf 91' lang='lat' dir='ltr'>ne</span> <span class='ocrx_word' id='word_1_185' title='bbox 437 2384 566 2463; x_wconf 88' lang='lat' dir='ltr'>pluribus</span> <span class='ocrx_word' id='word_1_186' title='bbox 588 2403 673 2464; x_wconf 93' lang='lat' dir='ltr'>opem</span> <span class='ocrx_word' id='word_1_187' title='bbox 688 2386 794 2461; x_wconf 83' lang='lat' dir='ltr'>ferret,</span> <span class='ocrx_word' id='word_1_188' title='bbox 816 2387 935 2464; x_wconf 83' lang='lat' dir='ltr'>negavit</span> <span class='ocrx_word' id='word_1_189' title='bbox 952 2405 985 2446; x_wconf 89' lang='lat' dir='ltr'>se</span> <span class='ocrx_word' id='word_1_190' title='bbox 1002 2385 1066 2446; x_wconf 92' lang='lat' dir='ltr'>aliis</span> 
     </span>
     <span class='ocr_line' id='line_1_27' title="bbox 10 2466 1064 2549; baseline 0.007 -27"><span class='ocrx_word' id='word_1_191' title='bbox 10 2503 13 2522; x_wconf 79' lang='grc'>,</span> <span class='ocrx_word' id='word_1_192' title='bbox 62 2466 286 2544; x_wconf 88' lang='lat' dir='ltr'>subventurum,</span> <span class='ocrx_word' id='word_1_193' title='bbox 312 2468 367 2527; x_wconf 89' lang='lat' dir='ltr'>nisi</span> <span class='ocrx_word' id='word_1_194' title='bbox 394 2471 505 2530; x_wconf 86' lang='lat' dir='ltr'>senatui</span> <span class='ocrx_word' id='word_1_195' title='bbox 529 2469 618 2529; x_wconf 88' lang='lat' dir='ltr'>iustas</span> <span class='ocrx_word' id='word_1_196' title='bbox 637 2471 853 2530; x_wconf 90' lang='lat' dir='ltr'>necessitatium</span> <span class='ocrx_word' id='word_1_197' title='bbox 872 2488 975 2529; x_wconf 89' lang='lat' dir='ltr'>causas</span> <span class='ocrx_word' id='word_1_198' title='bbox 998 2487 1064 2549; x_wconf 91' lang='lat' dir='ltr'>pro·</span> 
     </span>
     <span class='ocr_line' id='line_1_28' title="bbox 62 2551 1064 2633; baseline 0.003 -23"><span class='ocrx_word' id='word_1_199' title='bbox 62 2551 192 2611; x_wconf 87' lang='lat' dir='ltr'>bassent.</span> <span class='ocrx_word' id='word_1_200' title='bbox 224 2551 289 2625; x_wconf 82' lang='lat' dir='ltr'>Quo</span> <span class='ocrx_word' id='word_1_201' title='bbox 307 2560 392 2629; x_wconf 90' lang='lat' dir='ltr'>pacto</span> <span class='ocrx_word' id='word_1_202' title='bbox 408 2553 567 2632; x_wconf 91' lang='lat' dir='ltr'>plerosque</span> <span class='ocrx_word' id='word_1_203' title='bbox 584 2553 726 2614; x_wconf 90' lang='lat' dir='ltr'>modestia</span> <span class='ocrx_word' id='word_1_204' title='bbox 741 2562 771 2614; x_wconf 84' lang='lat' dir='ltr'>et</span> <span class='ocrx_word' id='word_1_205' title='bbox 786 2555 898 2633; x_wconf 93' lang='lat' dir='ltr'>pudore</span> <span class='ocrx_word' id='word_1_206' title='bbox 914 2553 1064 2630; x_wconf 90' lang='lat' dir='ltr'>deterruit,</span> 
     </span>
     <span class='ocr_line' id='line_1_29' title="bbox 61 2634 1066 2716; baseline 0 -21"><span class='ocrx_word' id='word_1_207' title='bbox 61 2638 92 2695; x_wconf 88' lang='lat' dir='ltr'>in</span> <span class='ocrx_word' id='word_1_208' title='bbox 113 2634 214 2713; x_wconf 93' lang='lat' dir='ltr'>quibus</span> <span class='ocrx_word' id='word_1_209' title='bbox 238 2634 403 2713; x_wconf 88' lang='lat' dir='ltr'>Hortalum,</span> <span class='ocrx_word' id='word_1_210' title='bbox 427 2637 523 2712; x_wconf 82' lang='lat' dir='ltr'>Quinti</span> <span class='ocrx_word' id='word_1_211' title='bbox 538 2637 674 2697; x_wconf 87' lang='lat' dir='ltr'>Hortensi</span> <span class='ocrx_word' id='word_1_212' title='bbox 698 2639 822 2698; x_wconf 80' lang='lat' dir='ltr'>oratoris</span> <span class='ocrx_word' id='word_1_213' title='bbox 841 2646 996 2716; x_wconf 91' lang='lat' dir='ltr'>nepotem,</span> <span class='ocrx_word' id='word_1_214' title='bbox 1017 2637 1066 2716; x_wconf 89' lang='lat' dir='ltr'>qui</span> 
     </span>
     <span class='ocr_line' id='line_1_30' title="bbox 62 2717 1064 2800; baseline 0.002 -24"><span class='ocrx_word' id='word_1_215' title='bbox 62 2717 231 2798; x_wconf 91' lang='lat' dir='ltr'>permodica</span> <span class='ocrx_word' id='word_1_216' title='bbox 253 2737 285 2777; x_wconf 94' lang='lat' dir='ltr'>re</span> <span class='ocrx_word' id='word_1_217' title='bbox 309 2719 442 2781; x_wconf 82' lang='lat' dir='ltr'>familiari</span> <span class='ocrx_word' id='word_1_218' title='bbox 464 2729 584 2780; x_wconf 87' lang='lat' dir='ltr'>auctore</span> <span class='ocrx_word' id='word_1_219' title='bbox 599 2720 733 2798; x_wconf 82' lang='lat' dir='ltr'>Augusto</span> <span class='ocrx_word' id='word_1_220' title='bbox 749 2731 883 2800; x_wconf 91' lang='lat' dir='ltr'>quattuor</span> <span class='ocrx_word' id='word_1_221' title='bbox 898 2719 1009 2779; x_wconf 92' lang='lat' dir='ltr'>liberos</span> <span class='ocrx_word' id='word_1_222' title='bbox 1022 2729 1064 2778; x_wconf 88' lang='lat' dir='ltr'>tu·</span> 
     </span>
     <span class='ocr_line' id='line_1_31' title="bbox 17 2803 147 2868; baseline -0.031 -6"><span class='ocrx_word' id='word_1_223' title='bbox 17 2803 147 2868; x_wconf 77' lang='lat' dir='ltr'>celerat</span> 
     </span>
     <span class='ocr_line' id='line_1_32' title="bbox 126 2883 1108 2965; baseline 0.005 -22"><span class='ocrx_word' id='word_1_224' title='bbox 126 2883 244 2944; x_wconf 90' lang='lat' dir='ltr'>Publice</span> <span class='ocrx_word' id='word_1_225' title='bbox 270 2887 491 2947; x_wconf 85' lang='lat' dir='ltr'>munificentiam</span> <span class='ocrx_word' id='word_1_226' title='bbox 517 2887 563 2948; x_wconf 90' lang='lat' dir='ltr'>bis</span> <span class='ocrx_word' id='word_1_227' title='bbox 590 2889 706 2947; x_wconf 90' lang='lat' dir='ltr'>omnino</span> <span class='ocrx_word' id='word_1_228' title='bbox 734 2887 879 2964; x_wconf 84' lang='lat' dir='ltr'>exhibuit,</span> <span class='ocrx_word' id='word_1_229' title='bbox 911 2886 1108 2965; x_wconf 82' lang='lat' dir='ltr'>proposttcto</span> 
     </span>
     <span class='ocr_line' id='line_1_33' title="bbox 60 2967 1065 3050; baseline -0.002 -22"><span class='ocrx_word' id='word_1_230' title='bbox 60 2967 158 3028; x_wconf 89' lang='lat' dir='ltr'>milies</span> <span class='ocrx_word' id='word_1_231' title='bbox 179 2970 315 3028; x_wconf 91' lang='lat' dir='ltr'>sestertio</span> <span class='ocrx_word' id='word_1_232' title='bbox 336 2971 462 3045; x_wconf 87' lang='lat' dir='ltr'>gratuito</span> <span class='ocrx_word' id='word_1_233' title='bbox 479 2972 508 3028; x_wconf 91' lang='lat' dir='ltr'>iu</span> <span class='ocrx_word' id='word_1_234' title='bbox 522 2971 627 3030; x_wconf 88' lang='lat' dir='ltr'>trienni</span> <span class='ocrx_word' id='word_1_235' title='bbox 640 2979 769 3050; x_wconf 90' lang='lat' dir='ltr'>tempus,</span> <span class='ocrx_word' id='word_1_236' title='bbox 792 2980 821 3030; x_wconf 90' lang='lat' dir='ltr'>et</span> <span class='ocrx_word' id='word_1_237' title='bbox 834 2988 935 3031; x_wconf 86' lang='lat' dir='ltr'>rursus</span> <span class='ocrx_word' id='word_1_238' title='bbox 949 2967 1065 3046; x_wconf 86' lang='lat' dir='ltr'>quibus·</span> 
     </span>
     <span class='ocr_line' id='line_1_34' title="bbox 62 3050 1065 3130; baseline -0.002 -19"><span class='ocrx_word' id='word_1_239' title='bbox 62 3051 129 3111; x_wconf 90' lang='lat' dir='ltr'>dam</span> <span class='ocrx_word' id='word_1_240' title='bbox 152 3050 275 3110; x_wconf 85' lang='lat' dir='ltr'>dominis</span> <span class='ocrx_word' id='word_1_241' title='bbox 291 3051 462 3128; x_wconf 90' lang='lat' dir='ltr'>insularum,</span> <span class='ocrx_word' id='word_1_242' title='bbox 481 3070 555 3130; x_wconf 93' lang='lat' dir='ltr'>quae</span> <span class='ocrx_word' id='word_1_243' title='bbox 579 3053 608 3112; x_wconf 94' lang='lat' dir='ltr'>in</span> <span class='ocrx_word' id='word_1_244' title='bbox 628 3062 724 3113; x_wconf 91' lang='lat' dir='ltr'>monte</span> <span class='ocrx_word' id='word_1_245' title='bbox 742 3051 843 3113; x_wconf 81' lang='lat' dir='ltr'>Caelio</span> <span class='ocrx_word' id='word_1_246' title='bbox 860 3053 1065 3128; x_wconf 89' lang='lat' dir='ltr'>dellagrarant,</span> 
     </span>
     <span class='ocr_line' id='line_1_35' title="bbox 62 3134 1065 3215; baseline 0.003 -22"><span class='ocrx_word' id='word_1_247' title='bbox 62 3135 161 3215; x_wconf 86' lang='lat' dir='ltr'>pretio</span> <span class='ocrx_word' id='word_1_248' title='bbox 176 3136 319 3194; x_wconf 87' lang='lat' dir='ltr'>restituto.</span> <span class='ocrx_word' id='word_1_249' title='bbox 355 3134 482 3209; x_wconf 81' lang='lat' dir='ltr'>Quorum</span> <span class='ocrx_word' id='word_1_250' title='bbox 498 3136 618 3196; x_wconf 91' lang='lat' dir='ltr'>alterum</span> <span class='ocrx_word' id='word_1_251' title='bbox 637 3154 741 3213; x_wconf 88' lang='lat' dir='ltr'>magna</span> <span class='ocrx_word' id='word_1_252' title='bbox 757 3136 926 3196; x_wconf 85' lang='lat' dir='ltr'>difficultate</span> <span class='ocrx_word' id='word_1_253' title='bbox 941 3151 1065 3196; x_wconf 85' lang='lat' dir='ltr'>numma-</span> 
     </span>
     <span class='ocr_line' id='line_1_36' title="bbox 18 3218 1066 3296; baseline 0 -19"><span class='ocrx_word' id='word_1_254' title='bbox 18 3220 121 3292; x_wconf 71' lang='lat' dir='ltr'>eeria,</span> <span class='ocrx_word' id='word_1_255' title='bbox 145 3218 254 3296; x_wconf 93' lang='lat' dir='ltr'>populo</span> <span class='ocrx_word' id='word_1_256' title='bbox 277 3218 413 3279; x_wconf 87' lang='lat' dir='ltr'>auxilium</span> <span class='ocrx_word' id='word_1_257' title='bbox 432 3218 594 3295; x_wconf 81' lang='lat' dir='ltr'>flagitante,</span> <span class='ocrx_word' id='word_1_258' title='bbox 612 3229 731 3279; x_wconf 88' lang='lat' dir='ltr'>coactus</span> <span class='ocrx_word' id='word_1_259' title='bbox 750 3227 795 3278; x_wconf 89' lang='lat' dir='ltr'>est</span> <span class='ocrx_word' id='word_1_260' title='bbox 809 3219 917 3295; x_wconf 83' lang='lat' dir='ltr'>iacere,</span> <span class='ocrx_word' id='word_1_261' title='bbox 935 3235 997 3278; x_wconf 92' lang='lat' dir='ltr'>cum</span> <span class='ocrx_word' id='word_1_262' title='bbox 1012 3235 1066 3296; x_wconf 92' lang='lat' dir='ltr'>per</span> 
     </span>
     <span class='ocr_line' id='line_1_37' title="bbox 64 3301 1065 3380; baseline -0.001 -19"><span class='ocrx_word' id='word_1_263' title='bbox 64 3310 182 3361; x_wconf 88' lang='lat' dir='ltr'>senatus</span> <span class='ocrx_word' id='word_1_264' title='bbox 199 3302 360 3361; x_wconf 92' lang='lat' dir='ltr'>consultum</span> <span class='ocrx_word' id='word_1_265' title='bbox 378 3303 536 3379; x_wconf 87' lang='lat' dir='ltr'>sanxisset,</span> <span class='ocrx_word' id='word_1_266' title='bbox 553 3311 583 3361; x_wconf 87' lang='lat' dir='ltr'>ut</span> <span class='ocrx_word' id='word_1_267' title='bbox 597 3302 800 3362; x_wconf 81' lang='lat' dir='ltr'>foeneratores</span> <span class='ocrx_word' id='word_1_268' title='bbox 816 3301 886 3362; x_wconf 92' lang='lat' dir='ltr'>duas</span> <span class='ocrx_word' id='word_1_269' title='bbox 903 3301 1065 3380; x_wconf 87' lang='lat' dir='ltr'>patrimonii</span> 
     </span>
     <span class='ocr_line' id='line_1_38' title="bbox 63 3383 1067 3464; baseline -0.002 -20"><span class='ocrx_word' id='word_1_270' title='bbox 63 3393 164 3464; x_wconf 91' lang='lat' dir='ltr'>partes</span> <span class='ocrx_word' id='word_1_271' title='bbox 187 3386 215 3444; x_wconf 93' lang='lat' dir='ltr'>in</span> <span class='ocrx_word' id='word_1_272' title='bbox 242 3386 307 3446; x_wconf 94' lang='lat' dir='ltr'>solo</span> <span class='ocrx_word' id='word_1_273' title='bbox 338 3386 534 3461; x_wconf 89' lang='lat' dir='ltr'>collocarent,</span> <span class='ocrx_word' id='word_1_274' title='bbox 559 3384 707 3444; x_wconf 90' lang='lat' dir='ltr'>debitores</span> <span class='ocrx_word' id='word_1_275' title='bbox 730 3383 850 3444; x_wconf 88' lang='lat' dir='ltr'>totidem</span> <span class='ocrx_word' id='word_1_276' title='bbox 875 3387 951 3445; x_wconf 87' lang='lat' dir='ltr'>aeris</span> <span class='ocrx_word' id='word_1_277' title='bbox 980 3383 1067 3444; x_wconf 90' lang='lat' dir='ltr'>alieni</span> 
     </span>
     <span class='ocr_line' id='line_1_39' title="bbox 65 3466 1067 3551; baseline 0 -23"><span class='ocrx_word' id='word_1_278' title='bbox 65 3469 160 3529; x_wconf 85' lang='lat' dir='ltr'>statim</span> <span class='ocrx_word' id='word_1_279' title='bbox 171 3467 331 3546; x_wconf 87' lang='lat' dir='ltr'>solverent,</span> <span class='ocrx_word' id='word_1_280' title='bbox 346 3487 403 3530; x_wconf 91' lang='lat' dir='ltr'>nee</span> <span class='ocrx_word' id='word_1_281' title='bbox 413 3487 462 3529; x_wconf 90' lang='lat' dir='ltr'>res</span> <span class='ocrx_word' id='word_1_282' title='bbox 476 3468 676 3551; x_wconf 87' lang='lat' dir='ltr'>expediretur;</span> <span class='ocrx_word' id='word_1_283' title='bbox 695 3467 815 3529; x_wconf 90' lang='lat' dir='ltr'>alterum</span> <span class='ocrx_word' id='word_1_284' title='bbox 831 3468 867 3529; x_wconf 93' lang='lat' dir='ltr'>ad</span> <span class='ocrx_word' id='word_1_285' title='bbox 884 3466 1067 3546; x_wconf 87' lang='lat' dir='ltr'>mitigandam</span> 
     </span>
    </p>
   </div>
   <div class='ocr_carea' id='block_1_3' title="bbox 0 0 1146 3930">
    <p class='ocr_par' dir='ltr' id='par_1_3' title="bbox 0 0 1146 3930">
     <span class='ocr_line' id='line_1_40' title="bbox 0 0 1146 3930; baseline 0 0"><span class='ocrx_word' id='word_1_286' title='bbox 0 0 1146 3930; x_wconf 95' lang='lat' dir='ltr'> </span> 
     </span>
    </p>
   </div>
  </div>
 </body>
</html>
