2286 3944
421 162 628 213 PRAEFATIO.
865 164 976 213 Lxm

60 326 226 385 6661472
247 322 400 394 impressas
424 323 494 379 Hain
515 330 657 380 enumerat
678 340 722 380 no.
738 330 808 384 6382
823 341 895 396 sqq„
932 325 973 380 De

10 446 14 450 -
61 409 235 466 emendando
252 408 324 462 bene
341 414 501 462 meruerunt
514 403 892 481 bobertussmphenusim.
904 414 972 468 1629

62 500 92 549 67
105 492 264 548 Fridericus
280 491 503 561 Lindenbrogius
521 491 546 547 a.
563 497 645 559 1602,
668 498 786 563 uterquc
808 492 923 548 Parisiis
945 499 972 548 et
1033 490 1035 493 ’

61 576 197 633 Parisinis
212 574 347 630 subsidiis
364 591 440 630 usus.
486 575 519 629 Et
534 576 663 646 plurima,
681 576 735 631 nisi
754 576 844 632 omnia
862 576 972 645 fallunt,

61 660 155 717 codici
172 658 261 728 Regio
276 663 346 718 7920
360 657 438 714 Suco.
452 658 498 715 XI.
510 660 681 728 debuerunt,
697 675 777 730 quem
792 676 846 730 ego
863 676 972 731 quoque

60 741 261 800 benevolentia
285 742 409 798 lecobi
429 742 615 798 hunniher
639 742 854 812 diligentissime
882 745 955 799 66116

61 834 120 882 tum
137 825 232 882 habui.
276 825 343 880 Eius
360 826 424 881 libri
438 832 512 882 tanta
530 833 574 880 est
588 827 777 898 praestantia,
800 833 829 880 ut
845 827 892 882 vel
904 830 979 898 'post
1050 863 1054 868 -

63 912 234 981 Stephanum
264 915 292 969 et
318 909 554 980 lindenbrogium
572 911 707 966 bonarum
729 910 880 966 lectionum
906 910 972 964 mihi

62 1011 174 1066 quoqne
199 992 377 1065 spicilegium
395 993 522 1048 relictum
544 994 629 1048 inerit
644 995 856 1064 haudquaquam
873 993 972 1065 paeni-

61 1079 184 1134 tendum.
216 1075 276 1132 Non
293 1077 361 1130 nulli
376 1076 439 1132 usui
457 1078 509 1131 fuit
522 1083 550 1132 et
560 1078 779 1147 Lindenbrogio,
791 1079 971 1150 utsuspicor‚

63 1169 92 1218 et
108 1161 172 1216 mihi
189 1161 260 1216 alter
279 1160 370 1216 codex
384 1160 525 1216 Parisinus
539 1166 607 1220 7921
623 1162 703 1218 Sacc.
719 1160 779 1216 XV.
795 1163 972 1229 chartaceus,

63 1247 97 1303 ab
115 1246 213 1301 eodem
230 1244 319 1300 amico
334 1243 520 1309 examinatum
536 1245 760 1300 sedisveterum
776 1238 971 1317 editionnni)

61 1335 117 1386 tam
139 1328 239 1384 similis
261 1334 318 1396 est,
342 1333 371 1382 ut
394 1329 565 1384 emendantis
590 1328 711 1392 studium.
729 1346 825 1400 parurn
848 1329 969 1384 adiuvet.

61 1411 241 1484 Eandemque
261 1410 407 1466 Leidensis
429 1411 537 1468 codicis
552 1413 688 1468 rationem
712 1430 775 1468 esse
792 1414 826 1469 ab
837 1413 970 1468 11116616-

64 1498 103 1555 lio
121 1496 226 1552 certior
242 1495 332 1550 iactus
351 1512 425 1560 sum;
448 1512 510 1551 nam
526 1497 561 1551 de
577 1495 718 1551 Theodori
733 1496 970 1553 Bocndermakcri

65 1579 240 1637 Ultraiectini
258 1580 385 1650 exemplo
404 1579 473 1639 nihil
492 1579 526 1634 ad
542 1580 734 1636 Terentianum
749 1580 970 1635 vitamWester-

64 1663 165 1720 hovius
184 1663 284 1718 attulit.
330 1662 459 1734 Ceterum
472 1663 520 1718 hic
537 1664 668 1720 brevitati
686 1680 720 1719 eo
747 1664 836 1734 magis
857 1663 970 1720 studere

45 1748 172 1820 iicebit,
190 1747 262 1816 quod
275 1748 349 1802 etde
364 1763 466 1802 summa
484 1765 516 1808 re
530 1748 628 1803 critica
644 1754 672 1802 et
687 1748 721 1802 de
734 1747 853 1818 singulis
868 1745 971 1819 pleris-

64 1847 120 1903 que
136 1829 279 1901 copiosius
297 1831 416 1901 exposui
435 1831 572 1887 in'Museo
587 1833 719 1887 11166666
738 1838 770 1889 12
786 1837 893 1908 6171,
916 1846 971 1901 quo

63 1915 207 1971 studiosos
224 1914 347 1969 lectores
363 1915 476 1983 delego.
511 1915 668 1981 Meminerit
683 1914 769 1984 igitur
788 1914 903 1984 qui'hoc
922 1931 971 1968 cx-

64 1999 182 2070 emplum
199 2013 259 2052 curn
276 1996 419 2068 prioribus
435 1998 566 2053 conierre
580 1999 667 2067 volet,
682 2014 814 2068 nusquam
832 1996 972 2052 Parisino-

63 2099 124 2139 rnm
142 2081 267 2137 codicum
290 2097 323 2154 ao
338 2080 489 2152 praecipue
506 2080 669 2137 vetustioris
691 2080 883 2136 auctoritatem
901 2097 973 2136 eme

63 2168 204 2224 desertam
221 2180 285 2220 esse
297 2163 352 2219 nisi
368 2164 476 2220 lectore
493 2165 608 2240 monito.

128 2254 196 2319 292,
213 2254 230 2306 2
245 2250 338 2304 seruiit
352 2264 405 2318 ego
423 2264 474 2320 pao
491 2250 575 2303 servit
589 2249 636 2304 vel
653 2249 763 2303 66667677
780 2246 784 2317 l
804 2253 820 2308 7
835 2248 871 2302 sit
883 2245 971 2301 Aldus

63 2352 90 2392 a.
105 2337 172 2393 1617
189 2333 296 2406 666661
314 2326 319 2410 Ι
339 2337 355 2392 7
374 2332 413 2387 ad
427 2332 563 2387 dominum
577 2332 733 2387 Romanum
748 2329 972 2388 IacGronovins.

64 2417 170 2474 adduci
190 2416 309 2472 Romam
326 2416 415 2488 ibique
433 2418 527 2472 venire
548 2416 695 2489 Schopen,
718 2416 770 2472 cir.
795 2433 824 2489 p.
842 2421 909 2485 266,
929 2419 989 2472 20.¹

65 2500 174 2559 Gellius
190 2507 218 2571 6,
235 2505 278 2570 14,
295 2505 330 2560 26
348 2493 354 2578 Ι
373 2507 406 2563 17
420 2515 513 2557 vocem
527 2501 645 2556 dimnum
661 2501 788 2557 17666166
802 2517 827 2556 6.
841 2506 908 2559 1666
920 2514 973 2571 pro

63 2597 158 2642 vocem
173 2584 237 2640 dom
256 2589 282 2639 et
296 2584 342 2640 vei
358 2595 422 2640 eece
438 2586 528 2640 dimna
548 2577 552 2663 1
573 2593 607 2646 18
621 2586 731 2640 Philum
746 2601 801 2656 ego
817 2601 869 2656 pro
887 2584 972 2654 finum

63 2666 234 2740 vulfarium
251 2658 258 2745 Ι
278 2675 311 2728 19
325 2667 360 2722 66
375 2668 450 2724 bisce
464 2668 563 2725 Aldus.
607 2669 651 2725 Ad
667 2671 792 2726 lacunam
808 2667 973 2739 explendum

60 2757 181 2826 propter
202 2748 264 2828 (vei
288 2749 336 2826 ob)
359 2769 466 2808 morum
493 2754 667 2825 elepanticm:
694 2753 780 2809 Redis
807 2749 972 2817 addiderim,
1035 2772 1038 2778 ·

65 2836 119 2892 cir.
133 2836 203 2915 bins.
220 2836 306 2891 11166.
327 2841 360 2893 12
380 2855 407 2909 p.
425 2841 475 2897 187
502 2831 507 2914 Ι
530 2843 565 2897 23
579 2837 717 2894 Mortuust
733 2833 895 2909 Stymphale
917 2849 972 2904 ego

138 3014 186 3080 65)
211 3016 276 3068 Nam
292 3018 371 3081 -qnod
396 3017 423 3067 iu
449 3017 536 3069 Museo
564 3017 686 3068 Rheuauo
713 3016 746 3066 12
769 3033 794 3083 p.
821 3016 871 3066 174
897 3015 972 3066 modo

66 3084 212 3150 suspicatus
231 3100 300 3135 eram
313 3087 394 3136 videri
406 3086 540 3136 Erasmnm
555 3086 616 3135 nihii
634 3086 683 3135 6161
700 3084 822 3151 Stephani
838 3083 973 3133 editionem
1059 3136 1062 3142 ,

65 3154 205 3219 repetisse,
228 3155 256 3204 id
270 3162 360 3221 postea
380 3155 416 3204 ita
432 3170 460 3205 se
474 3155 567 3204 habere
585 3155 701 3220 cognovi.
739 3151 882 3218 Stephanus
907 3151 973 3200 enini

66 3237 100 3271 ex
125 3223 206 3272 veteri
229 3223 428 3283 coercebantur
449 3232 616 3274 commentum
641 3221 726 3271 multis
747 3219 809 3270 locis
830 3220 972 3284 castigavit,
1057 3232 1058 3236 ’

65 3289 189 3341 Erasmus
205 3293 314 3358 paucula
330 3293 407 3343 modo
424 3299 448 3341 61
467 3308 499 3342 ex
513 3292 617 3358 ingenio
635 3290 749 3340 mutavit.

136 3359 183 3423 66)
213 3359 309 3420 Quibus
334 3363 360 3412 in
387 3360 548 3411 conferendis
576 3376 616 3410 me
646 3360 796 3410 adiuverunt
821 3356 973 3407 amicissime

65 3429 206 3480 1666666
219 3430 342 3480 Ziandel
359 3430 455 3480 Beruas
469 3437 493 3480 et
504 3427 962 3481 GuatcvusBeckerLithecensie
