2256 3930
179 239 240 288 xlv
519 237 726 285 PRAEFATIO.

183 397 281 452 melius
297 411 361 451 mox
376 395 404 450 iu
421 395 501 467 peius
517 395 622 462 mutuli,
640 394 759 465 denique
774 394 891 466 perlecti
908 411 940 450 ac
956 411 1087 452 consum-

184 480 248 536 mati
265 495 396 550 nusquam
417 479 525 550 plenam
547 478 695 547 imaginem
717 477 860 533 videamus
884 478 1083 535 adumbratam.

185 561 290 619 Deinde
304 564 358 618 boc
372 561 400 617 ia
411 561 545 618 Suetonio
561 561 816 632 reprehendendum
833 566 886 629 est,
903 561 977 632 quod
992 578 1086 618 rerum

184 645 355 718 publicarum
372 645 460 700 minus
478 644 599 715 diligens
621 643 673 698 tuit
690 659 768 714 quam
785 642 931 699 Caesarum
952 646 1087 715 personis

183 728 294 798 dignum
309 728 427 784 videtur.
473 729 513 783 De
529 744 561 783 re
579 725 692 797 publica
710 743 780 798 pace
797 727 928 798 belloque
942 727 988 782 vel
1005 735 1086 784 aucte

183 812 228 868 uel
244 811 391 881 deminuta,
407 811 442 866 de
458 811 558 867 civium
574 808 841 882 provincialiumque
858 816 948 879 statu,
962 810 997 865 de
1011 811 1086 883 legi-

182 895 234 951 bus
255 900 283 949 et
300 893 507 964 magistratibus
526 909 612 964 pauca
628 893 762 962 quaedem
784 899 811 947 et
826 892 944 949 disiecta
966 893 1087 951 aduole-

182 977 238 1047 t'it,
259 983 333 1033 tolus
350 977 410 1033 iere
427 977 455 1031 in
476 976 504 1030 id
518 975 655 1043 intentus,
677 980 706 1029 ut
726 992 740 1030 a
758 973 924 1031 caesaribus
940 975 999 1032 suis
1015 977 1085 1033 nibil

182 1059 291 1116 humani
312 1059 431 1116 alienum
453 1058 539 1114 luisse
560 1058 685 1114 doceret.
729 1057 798 1113 llinc
820 1059 983 1114 factumest
1004 1065 1036 1114 ut
1058 1059 1085 1115 iu

182 1142 246 1199 bivi
260 1141 379 1214 Augusti
394 1142 450 1198 vita
465 1140 608 1212 Agrippae
632 1146 659 1195 et
673 1141 840 1198 Maecenatis
858 1143 970 1210 leudes,
992 1141 1022 1196 iu
1039 1142 1084 1198 'li-

182 1226 263 1283 bcrio
275 1225 369 1282 Seiani
385 1225 494 1280 scelera
508 1223 603 1279 verbis
615 1225 660 1279 vel
677 1223 761 1280 nullis
772 1225 817 1280 vel
832 1224 1005 1296 parcissimis
1019 1225 1085 1281 illn-

181 1316 350 1372 strarentur;
366 1305 467 1363 hinec.
477 1305 620 1377 caligulae
633 1306 839 1380 spurcissimum
852 1307 920 1363 illud
933 1307 1084 1377 quadrien-

181 1392 254 1447 nium
268 1391 370 1462 integri
384 1391 450 1446 libri
466 1391 583 1461 spatium
601 1390 740 1462 explevit;
755 1391 819 1446 binc
832 1390 912 1446 trium
927 1390 1084 1462 principum

181 1475 311 1545 rebellio,
326 1474 380 1530 uisi
396 1473 483 1530 Taciti
499 1474 630 1530 historias
645 1473 754 1530 fortuna
769 1479 920 1543 servasset,
938 1474 1082 1530 obscuris.

181 1559 249 1615 sima
266 1559 350 1614 leret.

242 1643 360 1698 Laborat
378 1641 464 1712 igitur
487 1639 684 1697 Suetonianum
705 1657 793 1712 genus
817 1640 894 1696 vitiis
919 1640 1082 1712 quibusdan

179 1741 235 1782 non
254 1724 379 1795 exiguis,
401 1741 472 1796 quae
488 1741 548 1780 cum
563 1725 639 1781 vitae
660 1724 868 1795 studiorumque
883 1739 989 1794 genere
1011 1725 1085 1780 scri-

180 1809 269 1882 ptoria
283 1808 412 1864 videntur
427 1808 573 1864 coniuncta
589 1808 684 1863 luisse.
728 1807 850 1863 Publicis
866 1807 938 1862 enim
958 1808 1083 1863 muneri-

179 1892 231 1949 bus
248 1907 392 1962 numquam
407 1892 515 1947 luuctus
531 1908 582 1947 nec
602 1891 691 1960 magis
710 1891 792 1946 animi
807 1891 923 1961 quadam
943 1890 1084 1959 magnitu-

180 1975 244 2031 dine
263 1974 381 2030 naturali
397 1975 523 2045 adiutus,
544 1975 595 2031 sed
609 1974 698 2030 libros
713 1973 857 2030 indefesso
875 1973 967 2029 studio
982 1973 1083 2044 legere

180 2074 334 2130 excerpere
356 2058 429 2114 iuter
454 2075 485 2114 se
508 2058 639 2113 conterre
655 2057 775 2128 solitus,
797 2057 909 2115 facilius
927 2057 1083 2126 singularia

180 2148 208 2197 et
222 2142 316 2213 aliquo
331 2143 413 2198 modo
427 2141 562 2197 exstantia
579 2141 652 2198 lacta
663 2141 709 2197 vel
724 2142 796 2198 dicta
811 2141 1034 2198 animadvertere
1051 2157 1083 2196 ac

180 2242 230 2297 per
246 2225 337 2297 capita
354 2241 521 2296 componere
537 2241 616 2294 quam
631 2225 805 2295 aequabilem
819 2227 1019 2297 copiosumque
1036 2241 1083 2279 re-

179 2325 238 2363 rum
253 2309 388 2378 ordinem,
404 2309 450 2378 qui
466 2307 544 2378 quasi
559 2307 780 2363 vitaehumanae
798 2307 943 2362 decursum
960 2305 1082 2376 aliquem

179 2391 343 2461 imitaretur,
358 2398 508 2463 pertexere
526 2389 626 2461 potuit.
669 2390 736 2444 lndc
753 2390 895 2461 explicere
911 2390 988 2458 licet,
1005 2391 1081 2460 quod

181 2491 250 2545 quae
274 2476 308 2530 de
328 2475 388 2529 eius
411 2473 568 2529 illustribus
589 2472 658 2528 viris
682 2478 847 2544 supersunt,
866 2473 994 2544 quoniam
1017 2480 1083 2527 sunt

179 2557 317 2612 bominum
338 2556 439 2611 litteris
462 2555 616 2611 deditorum
636 2555 728 2624 vitae,
753 2556 904 2611 accedente
927 2556 1009 2610 etiam
1038 2556 1082 2610 in-

179 2640 253 2710 signi
276 2641 445 2710 singalarum
460 2637 616 2707 brevitate,
638 2638 820 2710 perfectionis
839 2639 962 2711 speciem
977 2638 1081 2693 habent

179 2723 325 2785 maiorem;
351 2721 486 2778 Caesares
509 2736 595 2789 vero,
621 2721 681 2777 siue
702 2722 759 2777 nati
780 2728 843 2777 sunt
864 2729 892 2777 et
916 2721 1026 2776 educati
1046 2722 1081 2777 ad

179 2821 255 2876 spem
271 2804 439 2876 imperandi,
454 2804 515 2859 sive
530 2811 662 2875 provecta
678 2811 768 2861 aetate
783 2806 817 2861 ad
832 2804 1015 2877 principatum
1032 2821 1081 2860 ac-

180 2893 341 2956 cesserunt,
358 2888 392 2943 ad
416 2903 495 2942 unam
519 2887 689 2958 eandemque
712 2888 771 2943 lere
793 2888 913 2960 capitum
934 2887 1079 2944 formulam

179 2969 311 3041 descripti
330 2977 407 3039 sunt,
428 2976 458 3024 ut
472 2971 676 3040 grammaticum
697 2971 833 3026 bominem
849 2986 1004 3039 agnoscere
1028 2971 1080 3026 tibi

179 3052 308 3122 videare,
333 3054 384 3124 qui'
402 3070 437 3108 ex
457 3060 598 3108 auctorum
621 3054 726 3110 inlinita
747 3053 919 3109 multitudine
943 3053 1079 3109 notabilia

179 3151 305 3206 quaeque
326 3138 457 3209 decerpta
475 3144 502 3192 et
524 3137 550 3191 in
567 3137 706 3193 discretos
729 3136 953 3192 adversariorum
969 3136 1079 3192 lorulos

178 3219 313 3289 disposita
335 3220 483 3276 interiecto
503 3227 628 3291 tempore
644 3236 811 3292 componere
834 3225 861 3274 et
877 3219 941 3274 stilo
957 3218 1079 3274 lcrmarc

177 3318 328 3371 aggressus
350 3310 400 3358 est.

12 3382 35 3423 ct
49 3389 158 3431 virtutes.
237 3386 305 3440 Sunt
322 3393 411 3441 tamen
433 3386 476 3441 his
495 3386 565 3457 ipsis
580 3386 656 3440 vitiis
681 3385 777 3440 laudes
802 3385 985 3453 coniunctae,
1009 3401 1078 3454 quas

176 3469 295 3533 prudens
311 3468 504 3522 historicarum
519 3485 609 3522 rerum
632 3469 716 3522 iudex
731 3467 841 3523 maximi
857 3467 954 3523 faciet:
973 3466 1001 3520 in
1017 3469 1078 3523 col-
