2256 3930
508 226 738 274 nourrmuus.
1070 213 1108 274 24

195 381 284 442 blulta
302 381 386 440 etiam
408 380 436 439 in
451 383 592 441 communi
615 399 710 440 rerum
734 399 787 439 usu
815 379 950 440 novavit:
984 379 1126 458 sportula

130 465 268 546 publicas
287 464 413 540 sustulit,
431 473 570 525 revocata
586 474 729 524 rectarum
742 482 895 523 caenarum
907 463 1115 523 consuetudine

86 571 88 575 ·
132 551 204 610 duas
223 547 402 608 circensibus
419 566 542 626 gregum
558 549 701 608 factiones
724 549 813 607 aurati
832 547 1025 626 purpureique
1045 565 1120 626 pann

133 633 169 694 ad
183 641 319 713 quattuor
337 632 471 710 pristinas
491 631 610 701 addidit;
632 631 778 691 interdixit
797 630 982 690 histrionibus
1002 649 1118 690 scenam

87 750 94 779 a
111 719 209 777 uintra
224 715 336 775 domum
353 714 466 794 quidem
484 714 640 775 exercendi
656 725 747 775 artem
759 717 819 774 iure
833 731 990 782 concesso;
1010 724 1120 774 castrar

132 819 228 861 mares
242 802 346 868 vetuit;
367 799 541 878 spadonum,
563 801 611 879 qui
635 798 743 858 residui
768 799 843 876 apud
860 815 1019 874 mangones
1037 807 1119 858 eraut

133 885 226 963 pretia
243 882 408 942 moderatus
425 893 478 942 est.
506 882 552 942 Ad
572 901 708 942 summam
727 881 868 960 quondam
886 880 1047 940 ubertatem
1061 882 1119 940 vini

86 1026 88 1033 ,
132 968 266 1027 frumenti
283 983 352 1025 vero
371 967 497 1045 inopiam
514 969 679 1026 existimans
693 967 778 1025 nimio
792 967 937 1025 vinearum
950 965 1043 1024 studio
1060 983 1118 1042 neg

133 1053 194 1129 legi
210 1069 297 1126 arva,
316 1048 420 1126 edixit,
445 1070 482 1110 ue
500 1053 562 1129 quis
578 1053 606 1109 iu
621 1051 702 1110 ltalia
715 1049 892 1125 nouellaret,
913 1057 1001 1127 utque
1017 1051 1045 1107 in
1062 1066 1115 1127 pro

86 1135 236 1204 liovinciis
260 1135 354 1193 vineta
382 1133 616 1210 succiderentur,
645 1135 748 1194 relicta
774 1133 821 1192 ubi
846 1133 993 1211 plurimum
1017 1132 1123 1191 dimidi

86 1264 88 1268 -
132 1228 232 1298 parte:
257 1237 312 1278 nec
327 1219 434 1295 exequi
456 1237 517 1278 rem
539 1219 747 1296 perseveravit.
782 1216 928 1292 Quaedam
947 1236 984 1276 ex
1001 1218 1125 1276 mummi

132 1302 240 1363 officiis
263 1302 337 1360 inter
358 1301 509 1361 libertinos
535 1305 706 1380 equitesque
729 1301 764 1361 ll.
787 1301 1013 1361 communicavit.
1037 1300 1118 1361 Gemi

130 1387 195 1446 uari
211 1385 357 1462 legionum
372 1394 467 1445 castra
485 1385 639 1463 prohibuit,
655 1404 709 1445 nec
726 1385 790 1463 plus
807 1403 891 1463 quam
905 1385 983 1444 mille
1000 1401 1125 1443 nummo

130 1490 147 1529 a
167 1487 311 1547 quoquam
327 1469 362 1528 ad
381 1471 464 1546 signa
483 1469 605 1547 deponi;
623 1469 700 1548 quod
718 1469 750 1528 L.
765 1469 907 1530 Antonius
923 1467 998 1549 apud
1013 1468 1101 1530 duaru

95 1565 120 1608 ιι
131 1554 282 1630 legionum
300 1552 420 1613 hiberna
437 1572 486 1612 res
509 1571 601 1613 novas
621 1553 742 1612 moliens
761 1554 891 1613 fiduciam
909 1555 1025 1632 cepisse
1046 1556 1100 1613 etia

130 1656 171 1696 ex
193 1636 391 1714 depositorum
413 1655 521 1697 summa
544 1637 704 1697 videbatur.
744 1636 861 1698 Addidit
883 1647 912 1697 et
935 1648 1064 1716 quartum
1082 1639 1117 1697 sti

129 1720 268 1800 pendium
281 1720 371 1798 militi,
391 1739 497 1781 aureos
515 1730 625 1782 ternos,

193 1803 241 1863 lus
265 1803 419 1880 diligenter
441 1813 470 1864 et
494 1804 632 1866 industrie
660 1805 745 1883 dixit,
768 1806 936 1885 plerumque
959 1815 987 1865 et
1011 1807 1039 1864 in
1064 1806 1124 1864 ior

129 1905 189 1967 pro
204 1886 336 1946 tribunali
350 1896 431 1949 extra
452 1888 595 1959 ordinem;
615 1889 780 1950 ambitiosas
803 1891 1043 1949 centumuirorum
1065 1907 1116 1947 sen

86 1984 118 2025 20
130 1972 239 2031 tentias
258 1970 390 2041 rescidit;
416 1974 645 2051 reciperatores,
672 1992 708 2032 ne
725 1992 757 2032 se
775 1973 947 2051 perfusoriis
965 1972 1118 2031 assertioni

128 2057 187 2116 bus
205 2055 443 2132 accomodarent,
466 2057 621 2117 identidem
645 2057 803 2125 admonuit;
825 2057 997 2115 nummarios
1019 2054 1125 2114 iudice

129 2159 197 2200 cum
214 2156 267 2198 suo
287 2158 428 2219 quemque
446 2141 569 2200 consilio
588 2142 706 2200 notavit.
750 2139 861 2198 Auctor
884 2148 912 2198 et
928 2139 987 2200 ΤΒ.
1005 2139 1058 2198 PL.
1078 2139 1128 2198 fui

130 2223 256 2285 aedilem
273 2222 418 2282 sordidum
433 2224 654 2303 repetundarum
670 2223 823 2284 accusandi
839 2222 1007 2301 iudicesque
1024 2224 1102 2282 ineu

131 2316 268 2368 asenatu
291 2307 416 2385 petendi.
460 2307 676 2385 Magistratibus
701 2325 817 2386 quoque
837 2306 944 2366 urbicis
968 2308 1118 2384 provincia

88 2406 119 2446 25
131 2409 252 2469 rumque
273 2390 453 2469 praesidibus
468 2391 639 2451 coercendis
654 2400 758 2451 tantum
779 2410 865 2451 curae
883 2390 1019 2468 adhibuit,
1038 2400 1068 2449 ut
1081 2409 1118 2451 ne

132 2494 190 2553 que
205 2474 396 2534 modestiores
412 2494 543 2554 umquam
557 2494 650 2554 neque
665 2477 800 2535 iustiores
818 2476 979 2544 extiterint;
999 2494 1015 2535 e
1028 2475 1125 2554 quibu

132 2560 293 2637 plerosque
312 2568 379 2636 post
394 2559 473 2618 illum
489 2577 557 2619 reos
583 2561 704 2619 omnium
726 2561 872 2619 criminum
888 2559 1017 2620 vidimus.
1062 2562 1117 2618 Sus

133 2651 219 2721 cepta
245 2643 429 2702 correctione
455 2661 564 2703 morum
591 2643 734 2704 licentiam
766 2644 933 2704 theatralem
965 2644 1128 2721 promiscu

131 2729 160 2785 in
179 2727 275 2803 equite
295 2727 447 2804 spectandi
462 2727 597 2796 inhibuit;
620 2730 729 2806 scripta
745 2729 855 2787 famosa
873 2727 1020 2804 vulgoque
1045 2725 1119 2784 edita

90 2829 119 2870 so
132 2809 235 2888 quibus
251 2810 393 2908 primores
410 2811 462 2869 viri
475 2830 509 2870 ao
521 2811 643 2872 feminae
655 2812 835 2910 notabantur,
848 2810 983 2885 abolevit,
997 2826 1056 2867 nou
1068 2809 1128 2867 sin·

131 2902 281 2953 auctorum
298 2894 467 2970 ignominia;
496 2898 690 2972 quaestorium
705 2897 809 2970 virum,
835 2893 912 2973 quod
938 2890 1120 2969 gesticulaud

131 2977 312 3055 saltandique
330 2976 424 3037 studio
441 2988 596 3055 teneretur,
612 2981 702 3038 movit
718 2988 830 3046 senatu;
847 2976 998 3055 probrosis
1015 2975 1125 3034 femini

132 3061 258 3120 lecticae
274 3079 354 3120 usum
376 3060 505 3120 ademit
496 3080 598 3140 rusque
616 3063 749 3140 capiendi
767 3062 864 3137 legata
879 3059 1115 3136 hereditatesque

132 3146 258 3222 equitem
272 3144 306 3202 R.
327 3143 364 3204 ob
381 3145 529 3205 reductam
545 3147 572 3204 in
587 3145 794 3205 matrimonium
810 3161 944 3218 uxorem,
971 3144 1016 3200 cui
1035 3142 1116 3201 dimis

92 3243 182 3288 susae
204 3228 335 3288 adulterii
354 3231 463 3288 crimen
486 3230 662 3304 intenderat,
685 3231 771 3287 erasit
791 3227 913 3286 iudicum
937 3225 1019 3295 albo;
1044 3241 1117 3304 quos

130 3311 195 3370 dam
212 3331 250 3371 ex
264 3321 387 3390 utroque
404 3312 506 3372 ordine
528 3313 597 3391 lege
615 3313 760 3371 Scantinia
781 3311 994 3379 condemnavit;
1019 3311 1122 3368 incest

129 3396 291 3455 Vestalium
308 3396 459 3473 virgiuum,
478 3407 590 3475 apatre
612 3412 728 3474 quoque
747 3412 800 3454 suo
825 3402 853 3454 et
874 3395 963 3454 fratre
984 3393 1119 3470 neglecta

131 3480 211 3541 uarie
230 3499 265 3540 ac
280 3497 386 3540 severe
399 3483 540 3556 coercuit,
556 3480 654 3560 priora
668 3478 784 3557 capitali
799 3478 954 3557 supplicio,
967 3477 1123 3557 posterior
