2286 3944
427 223 633 273 PRAEFATIO.
875 227 977 275 XXVII

10 386 21 440 l
44 412 47 418 ·
70 387 99 436 ut
115 397 200 452 saepe
216 397 268 452 per
284 381 381 436 decem
396 381 440 434 vel
457 380 601 437 duodecim
616 382 748 456 deinceps
764 385 854 457 capita
869 402 903 440 ne
920 402 973 442 uon

10 488 18 525 ι
69 464 180 535 quidem
195 463 316 519 varietas
332 462 501 534 proferatur,
518 464 681 521 insecundo
696 473 724 520 et
738 469 821 524 tertio
837 469 910 524 libro
930 469 972 524 in-

10 569 20 609 s
69 554 167 616 tagrae
185 563 211 618 p.
229 552 338 604 59——85
355 551 382 600 et
397 562 423 616 p·
444 554 587 607 110-118
601 548 713 605 silentio
729 556 914 621 transeantur,
931 559 972 608 ta-

14 656 19 690 ι
68 646 130 684 meu
146 630 192 684 vel
213 629 242 683 in
263 629 306 683 his
324 628 434 684 miseris
455 631 654 702 speciminibus
673 634 792 704 vestigia
808 636 972 705 praeclarae

10 739 19 777 ι
68 712 173 767 indolis
190 711 284 766 insrmt
297 711 451 768 manifesta.
497 715 545 770 Sic
560 731 586 785 p.
603 721 654 783 38,
672 721 703 774 16
720 722 748 770 et
761 723 794 775 25
809 735 907 788 magno
928 722 971 774 in-

10 814 16 861 i
68 796 180 850 tervattc
193 809 248 864 per
263 801 290 850 ct
303 795 414 850 Aemilio
430 799 509 868 Papo
524 799 602 852 solus
623 803 767 868 utrumque
782 806 858 854 recte
873 803 971 867 habet;

10 899 18 944 1
69 877 188 934 omnium
204 879 348 934 maximum
363 878 412 943 sit,
432 882 504 951 quod
521 899 546 952 p.
565 886 606 950 12,
625 889 639 940 l
659 881 783 936 lacunam
800 883 914 953 explere
929 885 971 940 ri-

12 983 17 1024 1
69 962 151 1016 detur
168 978 279 1018 numero
300 961 387 1018 0000
405 964 518 1033 addito,
541 964 587 1034 qui
604 970 632 1019 et
647 964 709 1036 ipsc
725 966 797 1036 apud
811 965 972 1037 Eutropium

10 1080 16 1113 r:
68 1051 168 1101 exstat.
193 1045 300 1117 Operae
315 1045 402 1115 igitur
418 1047 535 1119 pretium
552 1048 658 1102 faceret
670 1047 716 1118 qui
731 1049 803 1103 hunc
810 1049 971 1107 Vaticanum

67 1128 192 1184 codicem
210 1129 366 1199 requireret
382 1130 543 1202 inventique
560 1131 654 1202 apices
673 1146 768 1186 omnes
784 1133 931 1187 rimaretur
945 1140 973 1189 et

10 1239 12 1269 ε
68 1228 129 1266 cum
153 1213 274 1282 vulgatis
300 1221 486 1284 componeret.
532 1214 723 1271 Bibliothecae
747 1216 899 1271 Vaticanae
922 1234 972 1272 nu-

66 1296 135 1350 meri
153 1297 188 1351 ad
207 1295 369 1351 Suetonium
383 1303 542 1368 spectantes
558 1297 586 1352 hi
601 1304 677 1352 sunt:
700 1303 776 1357 1860.
793 1306 970 1360 1904—1915.

65 1384 143 1439 2966.
162 1385 240 1438 3335.
258 1384 335 1438 3336.

126 1461 239 1517 Interim
255 1477 310 1518 non
324 1463 520 1533 negligendum
536 1471 579 1519 est
601 1464 710 1520 tertium
729 1465 855 1522 codicum
871 1481 970 1536 genus,
981 1462 1055 1552 ᾖξε
1067 1463 1122 1555 ὣς

66 1545 102 1600 nd
122 1546 195 1616 quod
218 1546 360 1601 referendi
380 1553 444 1601 sunt
462 1549 552 1602 codex
569 1549 756 1605 Parisinus
780 1555 866 1608 6116
886 1567 901 1605 a
926 1565 969 1604 me
993 1563 1122 1652 aiusqluasr·

10 1655 12 1679 ι
66 1629 218 1698 diligenter
246 1629 969 1704 examinatusetllediceussecundusapud
1023 1625 1093 1655 '⁰¹⁰¹'

10 1742 12 1748 ·
63 1710 308 1783 Oudendorpium‚
330 1718 384 1767 tum
406 1714 529 1769 incertae
553 1716 671 1785 originis
694 1722 869 1788 excerpta
892 1715 968 1771 Lis-

10 1791 13 1818 ;
63 1792 967 1872 laeana,Ouiaciana,Bongarsiana‚Vossiana¹⁰).

10 2016 11 2022 ¹
135 1954 180 2020 16)
204 1958 289 2008 Codex
304 1957 434 2008 Parisinus
459 1975 563 2011 numero
582 1975 649 2009 nunc
671 1961 756 2016 6116,
784 1963 809 2010 in
827 1960 875 2009 Xll
892 1962 968 2011 libros

61 2026 179 2088 divisus,
198 2026 274 2075 nullis
291 2027 400 2090 capitum
417 2029 569 2088 intervallis,
591 2029 714 2093 incipiens
731 2029 782 2077 sic:
800 2029 858 2077 Gaii
878 2027 968 2080 Suetou

60 2097 99 2145 nii
116 2095 248 2159 tranquilli
260 2096 293 2144 de
309 2095 362 2142 vita
376 2110 489 2144 cesarum
503 2096 577 2145 taut.
600 2097 696 2158 Incipit
708 2098 777 2146 ἀίυιιε
795 2096 884 2145 Iulius.
914 2096 968 2144 Aa·
1025 2147 1028 2153 ,

60 2179 119 2214 num
136 2178 214 2228 agene
227 2178 310 2229 eccur,
325 2163 352 2210 in
370 2163 420 2213 flue
430 2163 527 2214 Sidonii
541 2162 571 2228 (i.
588 2179 610 2214 e.
623 2163 745 2227 Ausonii)
762 2179 858 2213 ceraue.
892 2163 968 2213 Cesa-

61 2247 125 2283 reoa
141 2239 187 2281 etc.
204 2232 350 2290 continens,
369 2233 470 2282 saeculo
484 2231 533 2281 XII
555 2233 681 2297 scriptus,
703 2247 780 2297 supra
795 2247 883 2281 versus
904 2240 928 2280 et
942 2233 967 2282 in

60 2301 222 2366 marginibus
244 2299 356 2349 secunda
377 2316 454 2350 manu
470 2301 633 2350 multifariam
648 2309 789 2363 correctus,
815 2300 847 2349 ad
865 2314 968 2352 manum

60 2370 144 2422 tuisse
159 2369 257 2418 ridetur
273 2369 323 2417 iam
340 2368 467 2434 Stephano
490 2385 512 2419 a.
533 2369 600 2421 1543
617 2377 641 2420 et
658 2369 773 2431 annebo
792 2369 834 2432 qui
850 2384 896 2435 per
916 2377 968 2420 tota

60 2433 218 2489 Adversaria
240 2437 318 2486 multa
334 2438 392 2486 inde
407 2440 524 2503 protulit,
542 2447 608 2488 certe
625 2439 784 2500 Oasaubono‚
802 2439 845 2502 qui
861 2437 894 2487 ad
910 2438 967 2488 Divi

60 2506 121 2559 Iulii
136 2519 192 2570 cap.
209 2505 242 2556 78
258 2507 435 2571 perantiquum
450 2507 594 2572 appellavit.
630 2507 730 2558 Contuli
746 2521 794 2572 ego
810 2522 897 2557 menae
914 2509 967 2557 Au-

60 2582 139 2642 gusto
157 2574 238 2634 1855,
261 2589 317 2622 cum
335 2575 367 2624 de
390 2576 567 2626 vetustioribus
588 2576 710 2625 Parisinis
732 2575 800 2624 hunc
816 2575 966 2626 Memmiana

60 2642 259 2694 dissimillimum
274 2657 330 2692 esse
346 2653 465 2709 expertus
483 2660 575 2694 essem.
593 2671 627 2681 -
642 2644 758 2694 ecdicem
773 2643 910 2693 Mediceum
926 2659 967 2694 se-

60 2711 184 2773 cundum,
199 2711 279 2776 plutei
295 2710 329 2760 64
344 2726 447 2762 numero
459 2713 484 2778 8,
503 2712 622 2762 loliorum
638 2713 853 2777 quaternariorum
864 2715 905 2774 72,
922 2726 967 2760 va·
1034 2708 1036 2713 '

59 2780 109 2832 riis
133 2779 282 2828 lectionibus
307 2782 489 2846 marginalibus
515 2781 659 2847 oppletum,
687 2795 753 2831 saec.
780 2780 840 2831 XIll
864 2782 966 2830 ineunte

61 2849 198 2913 scriptum,
215 2848 320 2897 Iacobus
337 2847 477 2899 Gronovius
491 2850 607 2904 contulit.
632 2849 746 2899 adhibuit
761 2848 964 2915 Oudendorpius.

60 2946 98 2957 ,-
115 2915 152 2964 Dc
174 2917 306 2980 Excerptis
327 2917 503 2982 impedituros
526 2927 571 2968 est.
609 2919 719 2967 Primum
739 2919 907 2968 nominandus
927 2924 966 2966 est

60 2984 132 3034 Hier.
150 2984 289 3036 Groslctius
305 2985 421 3034 Lislaeus
435 2987 634 3036 Aurelianensis.
670 2989 694 3036 ls
718 2987 797 3052 igitur
817 2993 965 3051 excerptae

60 3051 150 3103 codice
166 3053 250 3117 aliquo
265 3053 298 3102 ed
312 3053 426 3119 Lipsium
440 3055 562 3104 mittenda
577 3055 681 3116 curavit,
698 3069 762 3118 quae
777 3054 819 3104 ille
836 3054 965 3118 accepisse

61 3122 168 3187 negavit
185 3136 208 3171 a
227 3120 302 3184 1587,
319 3122 377 3171 vide
391 3121 512 3189 Syllogeu
527 3123 738 3172 Burmannianam
755 3124 768 3173 1
784 3139 809 3188 p.
827 3121 885 3170 341.
903 3122 964 3172 359.

60 3189 133 3240 Idem
148 3190 298 3241 casaubono
315 3206 339 3240 a.
357 3191 422 3244 1595
443 3191 549 3242 schedas
566 3191 682 3248 tradidit,
701 3206 733 3240 ex
747 3192 836 3240 eodem
854 3198 880 3239 ut
895 3189 966 3238 vide·

61 3267 105 3309 tur
121 3267 205 3309 vetere
221 3260 306 3310 codice
321 3260 460 3325 decerptas.
497 3260 560 3309 Eum
576 3260 686 3309 codicem
703 3259 864 3308 Cuiacianum
884 3257 964 3307 luisse

61 3333 88 3376 et
104 3342 118 3376 a
132 3327 273 3394 Bougarsio
288 3329 414 3390 collatum,
431 3329 505 3378 certis
523 3328 679 3393 argumentis
693 3328 794 3393 probari
813 3342 888 3393 posse
905 3340 963 3375 con-

62 3394 124 3445 fido.
159 3396 261 3461 Lipsius
282 3397 348 3446 eninr
370 3399 396 3446 in
419 3397 544 3446 adnotatis
565 3397 597 3446 ad
619 3395 765 3446 Suetonium
786 3411 801 3445 a
820 3397 963 3445 Burmanno

61 3463 138 3513 editis
160 3463 254 3515 curacii
277 3464 329 3514 MS.
355 3466 455 3532 saepius
480 3471 658 3515 commemorat
682 3472 705 3514 et
727 3474 843 3532 superest
864 3467 889 3514 in
908 3463 966 3512 Lei-
