2286 3944
278 639 323 725 o.
354 637 594 723 suuuoou
621 636 963 724 unnuouuur

146 805 273 926 Du
316 822 547 924 VITA
602 817 1114 923 CAESARUM

525 1011 663 1077 LIBER
681 1011 745 1076 ΙΠ.

473 1172 793 1247 TIBERIUS.

559 1362 704 1369 -—-——

106 1535 122 1590 1
194 1521 317 1582 Patricia
337 1538 411 1598 gens
428 1517 545 1580 Claudia
566 1520 723 1596 (luitcnim
739 1521 837 1580 etalio
852 1518 985 1598 plebeia,
1008 1540 1065 1582 uec
1081 1541 1127 1602 po-

133 1608 219 1668 tentia
240 1606 333 1664 minor
353 1622 409 1663 nec
425 1603 579 1681 dignitate)
604 1613 665 1663 orta
682 1613 726 1663 est
742 1623 779 1663 eu
792 1603 932 1680 Regillis,
955 1607 1069 1684 oppido
1085 1609 1129 1668 Sa·

132 1691 272 1752 binorurn.
294 1688 365 1749 lnde
378 1688 499 1749 Romam
513 1707 618 1747 recens
634 1687 777 1748 conditam
790 1706 852 1748 curn
865 1706 969 1765 magna
986 1690 1130 1751 clientium

133 1793 216 1835 manu
231 1774 435 1851 conmigrauit,
457 1782 576 1833 auctore
592 1772 656 1831 Tito
674 1772 756 1832 Tatio
775 1781 911 1832 consorte
926 1771 1062 1853 Romuli,
1078 1777 1130 1852 vel,

134 1858 210 1942 quod
224 1859 316 1936 magis
332 1865 455 1934 constat,
471 1856 538 1917 Alta
554 1854 673 1917 Claudio
688 1857 784 1934 gentis
800 1857 943 1934 principe,
960 1867 1031 1935 post
1047 1878 1131 1938 reges

135 1952 256 2005 exactos
275 1951 359 2002 sexto
378 1942 442 2001 lere
461 1960 551 2007 anno:
568 1950 653 2019 atque
670 1942 699 1999 in
717 1941 851 2019 patricias
869 1949 1020 2019 cooptata,
1034 1961 1143 2021 agrum

134 2029 252 2107 insuper
264 2037 341 2088 trans
353 2025 494 2086 Anienem
507 2025 658 2086 clientibus
669 2024 821 2104 locumque
833 2023 887 2083 sibi
903 2023 938 2083 ad
955 2027 1130 2104 sepulturam

135 2111 187 2172 sub
205 2111 349 2192 Capitolio
364 2111 479 2190 publice
496 2110 619 2188 accepit.
645 2108 793 2186 Deinceps
805 2107 986 2188 procedente
999 2119 1131 2190 tempore

135 2195 348 2274 duodetriginta
361 2195 537 2270 consulatus,
546 2193 700 2253 dictaturas
712 2194 847 2272 quinque,
857 2210 995 2253 censuras
1010 2206 1130 2274 septem,

134 2279 291 2358 triumphos
309 2297 381 2354 sex,
403 2279 472 2338 duas
488 2278 637 2338 ovationes
652 2277 757 2356 adepta
771 2286 824 2337 cst.
856 2275 927 2337 Cum
939 2283 1130 2356 praenomini-

134 2363 187 2422 bus
202 2361 478 2440 cognominibusque
498 2363 586 2422 variis
606 2361 844 2438 distingueretur,
864 2360 933 2420 Luci
954 2380 1131 2440 praenomen

135 2460 277 2504 consensu
294 2444 470 2522 repudiavit,
494 2454 678 2523 postquame
698 2445 808 2505 duobus
822 2444 977 2524 gentilibus
994 2449 1131 2526 praeditis

33 2572 40 2584 .
134 2543 170 2587 eo
189 2526 263 2587 alter
284 2527 442 2605 latrocinii,
466 2527 564 2588 caedis
585 2528 658 2588 alter
675 2531 826 2590 convictus
842 2539 895 2590 est.
926 2528 1007 2590 inter
1025 2550 1131 2610 cogno·

132 2612 207 2673 mina
223 2621 316 2672 autem
331 2620 359 2670 et
373 2611 499 2672 Neronis
514 2613 683 2691 assumpsit,
705 2631 762 2692 quo
777 2615 953 2692 significatur
967 2613 1069 2692 lingua
1085 2618 1131 2676 Sa·

132 2695 200 2757 bina
214 2696 297 2756 fortis
313 2713 347 2755 ac
362 2705 504 2755 strenuus.

106 2795 125 2850 a
194 2779 282 2842 lllulta
299 2779 451 2839 multorum
468 2780 649 2841 Claudiorum
664 2783 786 2858 egregia
800 2783 915 2858 merita,
941 2781 1030 2844 multa
1049 2785 1131 2844 etiarn

134 2866 251 2944 sequius
272 2863 393 2925 admissa
408 2866 438 2925 in
452 2884 513 2926 rcrn
530 2884 558 2944 p.
574 2875 681 2925 extant.
709 2866 771 2926 Sed
787 2875 816 2925 ut
832 2866 988 2944 praecipua
1007 2885 1131 2928 comme·

133 2965 259 3026 morem,
274 2949 387 3028 Appius
403 2948 515 3010 Caecus
530 2951 699 3010 societatem
715 2969 778 3010 cunr
793 2968 866 3028 rege
880 2949 971 3025 Pyrro
986 2959 1017 3009 ut
1033 2970 1132 3030 perun

134 3032 278 3094 salubrem
293 3035 356 3093 iniri
372 3033 514 3095 dissuasit.
544 3033 677 3095 Claudius
690 3034 809 3095 Caudex
825 3036 931 3113 primus
946 3034 1023 3093 lueto
1038 3035 1132 3097 classo

134 3117 255 3177 traiecto
276 3118 392 3179 Poenos
413 3119 511 3180 Sicilia
531 3120 651 3199 expulit.
685 3119 748 3180 Tib.
769 3118 849 3180 Nero
872 3118 1075 3180 advenientem
1099 3139 1133 3181 ex

132 3197 271 3277 Hispania
298 3221 361 3262 curn
386 3203 549 3282 ingentibus
576 3205 667 3283 copiis
690 3202 913 3280 Hasdrubalem,
942 3203 1021 3281 prius
1047 3223 1131 3283 quarn

132 3280 267 3342 Annibali
288 3286 369 3346 fratri
395 3289 631 3366 coniungerem,
664 3287 818 3367 oppressit.
863 3286 971 3347 Contra
995 3285 1132 3349 Claudius

131 3363 325 3444 Regillianus,
341 3369 489 3431 decemvir
504 3371 618 3450 legibus
633 3368 803 3444 scribendis,
819 3370 962 3447 virginem
977 3372 1132 3448 ingenuam

133 3463 186 3530 pcr
201 3449 256 3492 ”im
273 3450 398 3500 numen,
416 3457 506 3512 suedo
522 3456 548 3500 in
566 3473 605 3504 us
625 3456 729 3504 »funum
747 3469 878 3511 asserere
897 3463 1027 3535 conatus,
1046 3474 1131 3518 causa
