2286 3944
134 236 411 288 nnennnmouuu
433 235 614 284 nmnoaun
636 235 837 296 nnmoumn.
924 221 986 286 289

88 411 127 446 »us
140 403 164 446 et
178 395 209 444 de
228 393 321 459 poetis.
349 391 380 442 Et
399 392 437 442 de
454 391 648 442 Oratoribus
666 391 767 454 quidem
781 390 948 456 Hieronymus
961 393 987 443 lu

88 479 125 526 to,
137 463 234 514 adiecta
245 463 351 527 insuper
365 461 419 510 suis
432 460 665 510 ratiocinationibus
677 474 800 510 annorum
813 460 844 509 ab
855 461 916 511 urbe
927 475 988 510 con·

88 533 195 594 tatione,
209 530 367 580 conservavit
380 529 488 578 frustula
504 527 579 577 haec:

109 616 218 678 Tullius
240 614 345 675 Cicero
366 615 469 695 Arpini
495 616 621 674 nascitur
643 623 733 673 matre
753 615 874 692 Helvia,
904 625 988 696 patre

88 703 131 761 ris
147 701 255 762 ordinis
272 718 309 759 ex
323 701 406 776 regio
426 699 602 759 Volscorum
614 716 742 775 genere;
767 697 819 759 Cn.
831 698 988 779 Pompeius

88 804 109 845 ts
128 787 219 844 oritur
237 800 267 843 o.
285 791 367 844 648.
386 827 393 841 .
409 827 416 840 .
433 783 583 844 Vicesimo
606 790 690 841 sexto
707 784 810 845 aetatis
827 801 897 842 snae
912 801 988 843 anno

88 891 91 923 t
109 869 252 943 Quintium
268 866 396 927 defendit
411 885 441 926 a.
461 874 562 927 673..
581 910 588 923 .
604 866 715 926 Roscio
734 875 835 927 contra
858 865 987 941 Chryso·

88 973 94 1012 ι
117 953 237 1012 defenso
261 950 366 1011 cicero
382 949 512 1010 Athenas
535 949 661 1027 secedit,
684 949 788 1010 deinde
810 962 878 1030 post
900 953 988 1010 trien·

88 1038 198 1097 lomam
218 1034 381 1112 regreditur
402 1050 432 1093 o.
448 1041 507 1094 674
523 1078 530 1092 .
547 1078 554 1092 .
574 1078 580 1092 .
598 1032 704 1093 Cicero
726 1035 755 1093 in
776 1034 866 1095 exilio
885 1052 988 1095 annum

88 1120 233 1179 onorifice
252 1125 405 1197 susceptus
421 1136 437 1177 a
452 1116 571 1177 Plancio
588 1135 617 1177 o.
636 1125 799 1180 693-697
882 1117 988 1180 Cicero

88 1205 193 1263 rmiano
216 1220 268 1263 suo
292 1201 328 1263 ab
348 1201 495 1262 Herennio
519 1210 547 1260 et
575 1201 690 1280 Popilio
722 1201 865 1263 occiditur
885 1202 988 1264 LXIV.

88 1305 176 1347 tsnae
194 1303 284 1355 anno;
310 1285 461 1346 Ciceronis
484 1295 570 1363 caput
592 1303 656 1344 cum
681 1303 765 1346 manu
789 1288 910 1348 dextera
932 1303 987 1367 pro

88 1389 91 1427 t
108 1372 247 1450 positum,
263 1371 400 1447 iuxtaque
415 1379 554 1430 coronata
569 1372 665 1447 imago
678 1369 785 1449 Popilii
801 1371 916 1448 militis,
941 1371 988 1450 qui

89 1454 217 1514 cciderat
233 1471 262 1514 α.
283 1462 336 1513 711
353 1498 359 1511 .
374 1499 381 1513 .
398 1498 405 1512 .
422 1453 460 1512 Μ.
478 1452 588 1513 Tullius
600 1452 669 1513 l'iro
686 1452 838 1515 ciceronis
856 1455 989 1532 libertus,

90 1539 162 1598 imus
177 1546 260 1597 notas
279 1546 485 1597 commentatus
502 1545 561 1614 est,
576 1539 605 1596 in
620 1536 780 1599 Puteolano
798 1539 919 1618 praedio
935 1555 989 1599 suo

95 1621 131 1682 ad
147 1623 332 1682 centesimum
349 1639 451 1680 annum
470 1623 656 1682 consenescit
670 1639 700 1682 a.
717 1631 784 1684 749.
801 1631 868 1685 750.

107 1720 244 1782 Callidius
261 1731 359 1782 orator
375 1722 470 1782 clarus
484 1720 622 1791 habetem
639 1723 686 1801 qui
699 1723 778 1783 bello
792 1734 896 1802 postea
911 1723 989 1784 civili

88 1808 178 1866 rianas
198 1814 296 1883 partes
312 1814 445 1883 secutus,
470 1825 533 1866 eum
554 1804 694 1883 Togatam
717 1807 839 1868 Galliam
860 1815 989 1885 regeret,

88 1891 154 1950 ntiae
172 1888 243 1948 obiit
263 1907 292 1949 o.
317 1895 444 1950 697...
464 1889 664 1968 Apollodorus
685 1890 881 1968 Pergamenus
901 1890 988 1952 Grae·

88 1983 171 2048 ator,
200 1981 377 2052 praeceptor
399 1970 513 2033 Callidii
534 1981 565 2032 et
586 1973 726 2052 Augusti,
753 1974 848 2035 clarus
867 1974 990 2034 habetur

88 2066 103 2113 l.
124 2064 187 2117 691.

88 2159 192 2216 matius
215 2156 353 2235 Plancus,
378 2156 530 2218 Ciceronis
555 2157 731 2236 discipulus,
748 2167 848 2219 orator
868 2158 990 2220 habetur

88 2241 127 2309 is;
147 2243 193 2318 qui
212 2259 274 2300 cum
290 2240 410 2302 Galliam
425 2252 544 2319 regeret
561 2241 722 2320 Comatam,
738 2242 904 2321 Lugdunum
921 2261 988 2303 con·

88 2340 105 2383 t.
120 2331 184 2384 729.
201 2332 266 2384 730.

88 2409 142 2467 trio
168 2417 318 2487 promptus
345 2418 374 2469 et
395 2409 545 2488 popularis
568 2420 666 2471 orator
680 2411 790 2472 Romae
812 2410 934 2473 habetur
948 2411 989 2471 in·

88 2537 97 2567 ,
116 2493 163 2569 qui
183 2492 323 2571 deinceps
345 2493 374 2552 in
388 2492 489 2553 Africa
506 2495 618 2573 pudore
633 2496 730 2554 amissi
755 2497 901 2557 exercitus
916 2495 990 2565 mori

99 2592 182 2653 quam
198 2575 294 2636 redire
312 2592 342 2636 a.
360 2583 424 2636 701.
447 2585 513 2637 702.
768 2582 770 2585 ’

88 2659 152 2717 unii
181 2668 263 2737 pater
289 2669 318 2720 et
344 2659 418 2720 lilius
440 2661 509 2720 clari
532 2672 665 2722 oratores
685 2662 843 2741 habentur,
868 2680 989 2742 quorum

88 2743 241 2803 :ansularis
258 2753 325 2804 ante
340 2753 451 2824 patrem
467 2747 586 2806 moritur
603 2765 632 2807 o.
653 2756 716 2807 717.
738 2755 803 2808 718.

88 2827 214 2904 rannus,
232 2831 280 2906 qui
296 2828 504 2908 septemdecim
519 2849 611 2891 annos
627 2840 710 2892 natus
726 2829 855 2891 Caelium
871 2849 988 2892 accusa-

113 2910 207 2970 clarus
231 2913 306 2972 inter
332 2921 464 2972 oratores
480 2913 615 2984 habetem
643 2915 678 2976 ad
701 2924 859 2976 extremum
873 2914 988 2975 morbo·

88 2993 162 3054 tedio
178 2996 207 3054 in
221 2995 327 3056 balneo
342 2996 491 3057 voluntate
515 3001 692 3060 exanimatus
713 2998 852 3059 heredem
872 2999 990 3078 reliquit

93 3086 150 3137 lum
164 3095 194 3138 a.
213 3087 278 3140 733.
310 3089 376 3141 734.

88 3163 166 3221 tinius
192 3162 285 3224 Pollio
311 3174 411 3225 orator
438 3175 466 3224 ct
494 3167 671 3243 consularis,
701 3168 748 3245 qui
783 3165 819 3226 dc
849 3165 988 3226 Dalmatis

88 3245 258 3323 ·haverat‚in
271 3247 510 3310 villal'usculana
519 3268 593 3310 anno
608 3252 790 3327 octogesimo
803 3250 905 3311 aetatis
918 3268 988 3310 suae

89 3347 150 3390 ra.
170 3338 236 3392 757.
254 3340 321 3394 758.

88 3414 176 3474 essala
199 3412 343 3476 Corvinus
360 3426 460 3478 orator
482 3417 610 3478 nascitur
628 3426 656 3477 et
673 3417 706 3478 Τ.
723 3417 818 3477 Livius
834 3417 988 3479 Palatinus

88 3515 112 3557 tr
127 3497 283 3560 historicus
305 3517 335 3560 o.
350 3508 532 3563 ooo-697.
549 3547 554 3558 .
573 3545 580 3560 .
598 3548 602 3557 .
621 3501 748 3562 Messala
765 3498 908 3644 clllvms
930 3504 989 3582 pri·

88 3603 190 3641 Tortilis.
817 3628 827 3646 ι
