2286 3944
166 219 208 280 50
254 229 285 277 c.
301 227 450 277 souronu
465 228 592 287 renuo.
609 227 657 274 ne
672 227 755 274 vrun
772 226 956 274 causacum
971 227 1039 274 nm.
1055 227 1091 273 11.

166 384 259 464 tiplici
274 383 408 460 flagravit
428 382 544 442 invidia.
585 381 659 441 Nam
681 391 711 451 et
725 381 866 442 Pinarium
889 382 1016 458 equitem
1032 382 1069 441 R.
1097 399 1131 440 ou

168 469 352 528 contionante
365 485 398 526 se
411 467 535 526 admissa
547 464 630 526 turba
643 483 831 544 paganorum,
844 464 920 543 apud
930 465 1034 524 milites
1045 465 1132 524 subsc

165 553 237 612 bere
253 552 394 630 quaedam
409 550 676 624 animadvertisset,
692 551 836 610 curiosum
848 567 882 608 ac
897 549 1113 626 speculatorem
1128 569 1133 608 1

165 646 228 712 tus,
253 652 352 694 coram
374 634 492 695 coniodi
511 635 676 712 imperavit;
702 643 731 693 et
754 633 874 694 Tedium
895 633 997 692 Afrum
1023 633 1133 693 consuli

165 720 364 796 designatum,
393 719 587 797 quia'faotum
609 717 751 796 quoddam
776 735 857 778 suum
882 717 1009 794 maligno
1035 735 1131 777 sermo

167 804 343 882 carpsisset,
361 803 447 862 tentis
464 804 622 862 conterruit
636 803 730 879 minis,
746 811 775 861 ut
790 803 860 861 isse
874 802 1128 880 praecipitaverit;

167 889 301 962 Quintum
322 886 443 947 Gallium
468 895 650 965 praetorem,
674 887 702 944 in
724 886 822 946 cilicio
845 885 1025 945 salutationis
1048 885 1133 945 tabell

167 972 299 1051 duplices
314 978 398 1030 veste
414 980 506 1030 tectas
522 979 684 1046 tenentem,
700 972 863 1048 suspicatus
879 967 1006 1046 gladium
1022 970 1133 1030 occule]

165 1075 221 1116 uec
237 1054 390 1134 quidquam
406 1055 515 1132 statim,
536 1072 573 1112 ne
599 1053 675 1114 aliud
691 1055 883 1130 inveniretur,
905 1071 992 1113 ausus
1012 1055 1133 1131 iuquirer

166 1139 253 1220 paulo
269 1147 337 1237 post
350 1155 404 1216 per
419 1139 603 1197 centuriones
619 1148 649 1198 et
664 1138 770 1199 milites
785 1147 898 1216 raptum
913 1156 930 1197 e
946 1137 1091 1216 tribunali,
1110 1157 1133 1197 sl

165 1224 276 1284 vilem'
268 1241 296 1281 m
315 1220 430 1281 modum
449 1221 535 1280 torsit
558 1240 593 1281 ac
608 1221 746 1283 latentem
768 1222 838 1281 nihil
860 1222 943 1281 iussit
958 1222 1067 1298 occidi,
1092 1223 1133 1300 pri

166 1306 300 1367 oculis
274 1324 336 1364 erus
355 1323 406 1364 sua
420 1320 504 1364 manu
521 1305 652 1375 effossis;
678 1324 763 1384 quem
782 1315 878 1365 tamen
893 1305 994 1365 scribit
1011 1306 1133 1383 conloqr

164 1392 254 1469 petito
277 1387 440 1448 insidiatum
462 1388 517 1447 sibi
540 1392 760 1469 coniectumque
781 1408 797 1449 a
819 1409 851 1449 se
873 1392 902 1448 in
921 1389 1097 1465 custodiam,
1122 1409 1133 1448 c

163 1472 229 1531 inde
249 1471 321 1532 urbe
341 1472 494 1532 interdicta
520 1472 665 1532 dimissum
672 1474 855 1550 ,naufragio
880 1473 927 1533 vel
945 1474 1111 1533 latronum
1104 1493 1132 1531 rn

163 1556 217 1616 diis
236 1557 360 1634 perisse.
399 1556 594 1617 Tribuniciam
614 1567 789 1636 potestatem
805 1567 976 1636 perpetuam
992 1558 1125 1635 recepit,

164 1658 218 1719 qua
236 1639 327 1699 semel
343 1649 430 1718 atque
445 1642 547 1700 iterum
571 1659 625 1719 per
642 1642 756 1718 singula
779 1642 869 1702 lustra
888 1641 1034 1718 collegam
1050 1642 1106 1700 sibi
1123 1662 1133 1700 t

164 1725 285 1802 optavit.
318 1724 444 1802 Recepit
460 1732 489 1783 et
504 1742 615 1783 morum
630 1724 787 1804 legumque
801 1727 933 1802 regimen
952 1744 1046 1804 aeque
1064 1744 1133 1804 perp

154 1817 255 1884 tuum,
278 1824 335 1885 quo
360 1809 438 1885 iure,
465 1825 637 1889 quamquem
660 1809 722 1870 sine
740 1826 879 1870 censurae
897 1810 1028 1886 honore,
1053 1828 1133 1868 censi

162 1901 258 1951 tamen
274 1891 377 1974 populi
391 1901 436 1954 ter
451 1893 527 1972 egit:
550 1897 670 1973 primum
686 1914 721 1955 ac
741 1895 856 1954 tertium
872 1913 935 1953 cum
953 1893 1087 1970 collega,
1112 1912 1133 1951 rr

163 1975 239 2039 dium
255 1979 345 2039 solus.

121 2073 157 2128 28
236 2063 281 2123 Dc
298 2062 445 2123 reddenda
460 2081 493 2122 re
506 2080 536 2141 p.
551 2063 597 2122 bis
610 2065 764 2142 cogitavit:
781 2064 901 2142 primum
914 2071 981 2140 post
994 2079 1133 2140 oppressi

171 2149 267 2208 statim
282 2148 452 2227 Antonium,
468 2164 579 2208 memor
594 2147 738 2208 obiectum
753 2147 808 2206 sibi
825 2146 860 2206 ab
876 2164 912 2206 eo
929 2147 1063 2224 saepius,
1088 2165 1133 2224 qu:

164 2235 328 2311 peripsum
345 2240 436 2292 staret
457 2250 494 2290 uc
517 2231 701 2303 redderetur3
723 2250 758 2291 ac
780 2249 880 2290 rursus
901 2229 997 2290 taedio
1020 2230 1133 2289 diuturn

164 2315 344 2390 valitudinis,
368 2333 431 2374 cum
453 2317 538 2374 etiam
552 2315 767 2392 magistratibus
787 2333 823 2374 ac
844 2323 945 2374 senatu
961 2313 1076 2373 domum
1092 2334 1133 2374 ac

163 2401 200 2457 tis
215 2401 401 2458 rationarium
415 2400 528 2475 imperii
544 2399 666 2458 tradidit.
694 2399 753 2459 Sed
767 2407 919 2478 reputans,
937 2407 966 2458 et
981 2417 1013 2456 se
1028 2401 1133 2476 privati

161 2497 221 2539 non
239 2482 302 2541 sine
317 2480 450 2558 periculo
465 2481 531 2540 lore
547 2491 576 2540 et
593 2482 672 2543 illam
687 2484 810 2563 plurium
824 2482 944 2542 arbitrio
959 2491 1072 2541 temere
1091 2501 1133 2543 co:

161 2564 250 2641 mitti,
267 2566 296 2623 in
314 2563 464 2623 retinenda
479 2569 695 2644 perseveravit,
710 2566 843 2644 dubium,
866 2575 971 2626 eventu
992 2566 1118 2626 meliore

162 2648 321 2708 voluntate.
355 2648 445 2722 Quam
460 2649 651 2727 voluntatem,
673 2670 737 2710 cum
752 2669 823 2730 prae
845 2669 877 2710 se
894 2649 1049 2709 identidem
1067 2650 1130 2710 ierr

164 2732 288 2811 quodam
304 2732 389 2791 etiam
401 2732 496 2792 edicto
512 2732 557 2792 his
573 2733 671 2794 verbis
684 2745 805 2796 testatus
821 2744 882 2795 est:
899 2732 1036 2794 [tumidi
1045 2735 1133 2795 coloe

163 2834 203 2877 ac
225 2817 371 2895 sospitem
387 2834 499 2894 remp.
520 2817 631 2878 sistere
650 2819 682 2880 in
700 2837 761 2880 aaa
776 2819 849 2880 sede
865 2818 972 2894 liceat,
990 2825 1083 2897 utque
1103 2820 1133 2878 ei

161 2901 210 2960 rei
220 2898 356 2978 fructum
368 2900 548 2978 percipere,
566 2920 653 2982 qoem
665 2910 753 2982 peto,
770 2911 804 2964 at
819 2903 925 2982 optimi
940 2909 1042 2962 slatus
1058 2910 1133 2964 auct

161 2984 269 3062 dicor,
286 2991 315 3044 et
327 2984 462 3045 moriens
477 2992 511 3046 at
522 2983 625 3063 feram
639 3006 755 3049 mecam
770 3005 872 3066 apem,
894 3004 1047 3048 mansuro
1068 2988 1102 3048 ia
1118 3006 1133 3047 c

159 3069 251 3148 alipio
272 3086 329 3128 eoo
349 3066 556 3146 fundamento
576 3072 625 3132 rei
641 3089 673 3150 p.
697 3070 777 3152 quoe
798 3072 909 3133 iecero.
944 3070 1086 3148 Fecitque
1104 3073 1133 3150 ip

160 3161 376 3230 se‘compotem
399 3155 476 3232 voti,
497 3156 576 3215 nisus
599 3156 793 3234 omnimodo,
815 3175 852 3216 ue
874 3173 959 3234 quem
983 3158 1051 3215 novi
1076 3165 1133 3216 stat

161 3237 333 3313 paeniteret.

224 3319 351 3400 Urbem,
367 3341 462 3401 neque
479 3332 532 3402 pro
549 3325 698 3384 maiestate
719 3325 833 3403 imperii
855 3333 984 3385 ornatam
1001 3335 1029 3383 et
1049 3325 1133 3384 inund

158 3403 288 3463 tionibus
311 3407 511 3484 incendiisque
532 3408 701 3485 obnoxiam,
725 3409 855 3469 excoluit
876 3409 966 3487 adeo,
988 3418 1019 3469 ut
1042 3410 1105 3467 iure
1130 3431 1133 3467 l

159 3487 316 3564 gloriatus,
332 3507 541 3550 marmoream
560 3509 595 3550 ee
608 3491 796 3571 relinquere,
814 3511 907 3573 quom
922 3493 1097 3556 latericiam
1114 3513 1132 3554 a
