<?xml version="1.0" encoding="UTF-8"?>
<!DOCTYPE html PUBLIC "-//W3C//DTD XHTML 1.0 Transitional//EN"
    "http://www.w3.org/TR/xhtml1/DTD/xhtml1-transitional.dtd">
<html xmlns="http://www.w3.org/1999/xhtml" xml:lang="en" lang="en">
 <head>
  <title>
</title>
<meta http-equiv="Content-Type" content="text/html;charset=utf-8" />
  <meta name='ocr-system' content='tesseract 3.04.00' />
  <meta name='ocr-capabilities' content='ocr_page ocr_carea ocr_par ocr_line ocrx_word'/>
</head>
<body>
  <div class='ocr_page' id='page_1' title='image "./csuetonitranqui01suetgoog_0408.png"; bbox 0 0 2256 3930; ppageno 0'>
   <div class='ocr_carea' id='block_1_1' title="bbox 185 233 1056 306">
    <p class='ocr_par' dir='ltr' id='par_1_1' title="bbox 185 233 1056 306">
     <span class='ocr_line' id='line_1_1' title="bbox 185 233 1056 306; baseline 0.002 -12"><span class='ocrx_word' id='word_1_1' title='bbox 185 245 463 294; x_wconf 81' lang='lat' dir='ltr'><strong><em>nneunmuonuu</em></strong></span> <span class='ocrx_word' id='word_1_2' title='bbox 484 246 666 295; x_wconf 75' lang='lat' dir='ltr'><strong><em>menonem</em></strong></span> <span class='ocrx_word' id='word_1_3' title='bbox 688 245 888 306; x_wconf 74' lang='lat' dir='ltr'><strong><em>sumamus.</em></strong></span> <span class='ocrx_word' id='word_1_4' title='bbox 995 233 1056 296; x_wconf 77' lang='lat'><strong><em>803</em></strong></span> 
     </span>
    </p>
   </div>
   <div class='ocr_carea' id='block_1_2' title="bbox 75 397 1059 564">
    <p class='ocr_par' dir='ltr' id='par_1_2' title="bbox 75 397 1059 564">
     <span class='ocr_line' id='line_1_2' title="bbox 75 397 1058 480; baseline -0.003 -17"><span class='ocrx_word' id='word_1_5' title='bbox 75 402 202 463; x_wconf 91' lang='lat' dir='ltr'><strong><em>uellus</em></strong></span> <span class='ocrx_word' id='word_1_6' title='bbox 218 401 326 480; x_wconf 82' lang='lat' dir='ltr'><strong><em>puelia.</em></strong></span> <span class='ocrx_word' id='word_1_7' title='bbox 356 400 481 460; x_wconf 80' lang='lat' dir='ltr'><strong>Lucilius</strong></span> <span class='ocrx_word' id='word_1_8' title='bbox 498 397 594 460; x_wconf 86' lang='lat' dir='ltr'><strong><em>inXl:</em></strong></span> <span class='ocrx_word' id='word_1_9' title='bbox 626 398 704 459; x_wconf 84' lang='lat' dir='ltr'><strong><em>lade</em></strong></span> <span class='ocrx_word' id='word_1_10' title='bbox 720 402 802 460; x_wconf 84' lang='lat' dir='ltr'><strong><em>osuit</em></strong></span> <span class='ocrx_word' id='word_1_11' title='bbox 822 402 952 462; x_wconf 83' lang='lat' dir='ltr'><em>Romam</em></span> <span class='ocrx_word' id='word_1_12' title='bbox 973 407 1058 461; x_wconf 85' lang='lat' dir='ltr'><strong><em>temer</em></strong></span> 
     </span>
     <span class='ocr_line' id='line_1_3' title="bbox 75 482 1059 564; baseline -0.001 -18"><span class='ocrx_word' id='word_1_13' title='bbox 75 505 117 547; x_wconf 80' lang='lat' dir='ltr'><strong><em>se</em></strong></span> <span class='ocrx_word' id='word_1_14' title='bbox 132 486 224 546; x_wconf 90' lang='lat' dir='ltr'><strong><em>etiam</em></strong></span> <span class='ocrx_word' id='word_1_15' title='bbox 239 492 331 564; x_wconf 89' lang='lat' dir='ltr'><strong><em>atque</em></strong></span> <span class='ocrx_word' id='word_1_16' title='bbox 342 484 475 561; x_wconf 90' lang='lat' dir='ltr'><strong><em>puellus.</em></strong></span> <span class='ocrx_word' id='word_1_17' title='bbox 509 482 655 544; x_wconf 83' lang='lat' dir='ltr'>Caecilius</span> <span class='ocrx_word' id='word_1_18' title='bbox 669 486 697 542; x_wconf 92' lang='lat' dir='ltr'><strong><em>in</em></strong></span> <span class='ocrx_word' id='word_1_19' title='bbox 714 484 845 544; x_wconf 90' lang='lat' dir='ltr'><strong><em>Umbris:</em></strong></span> <span class='ocrx_word' id='word_1_20' title='bbox 874 483 941 564; x_wconf 81' lang='lat' dir='ltr'><strong><em>Ape</em></strong></span> <span class='ocrx_word' id='word_1_21' title='bbox 958 502 1026 564; x_wconf 79' lang='lat' dir='ltr'><strong><em>ape,</em></strong></span> <span class='ocrx_word' id='word_1_22' title='bbox 1046 485 1059 545; x_wconf 87' lang='lat' dir='ltr'><strong><em>i</em></strong></span> 
     </span>
    </p>
   </div>
   <div class='ocr_carea' id='block_1_3' title="bbox 68 567 1058 3584">
    <p class='ocr_par' dir='ltr' id='par_1_3' title="bbox 73 567 1057 1406">
     <span class='ocr_line' id='line_1_4' title="bbox 75 567 1056 647; baseline -0.005 -15"><span class='ocrx_word' id='word_1_23' title='bbox 75 583 161 646; x_wconf 80' lang='lat' dir='ltr'><strong><em>cere⁷</em></strong></span> <span class='ocrx_word' id='word_1_24' title='bbox 179 570 240 630; x_wconf 92' lang='lat' dir='ltr'><strong><em>duc</em></strong></span> <span class='ocrx_word' id='word_1_25' title='bbox 252 587 300 628; x_wconf 92' lang='lat' dir='ltr'><strong><em>me</em></strong></span> <span class='ocrx_word' id='word_1_26' title='bbox 316 567 360 628; x_wconf 93' lang='lat' dir='ltr'><strong><em>od</em></strong></span> <span class='ocrx_word' id='word_1_27' title='bbox 370 569 496 646; x_wconf 89' lang='lat' dir='ltr'><strong><em>patrios</em></strong></span> <span class='ocrx_word' id='word_1_28' title='bbox 507 569 585 647; x_wconf 79' lang='lat' dir='ltr'><strong><em>fiaes</em></strong></span> <span class='ocrx_word' id='word_1_29' title='bbox 600 568 781 628; x_wconf 91' lang='lat' dir='ltr'><strong><em>decoratum</em></strong></span> <span class='ocrx_word' id='word_1_30' title='bbox 796 569 938 646; x_wconf 80' lang='lat' dir='ltr'><strong><em>opipare.</em></strong></span> <span class='ocrx_word' id='word_1_31' title='bbox 971 568 1056 628; x_wconf 82' lang='lat' dir='ltr'><strong><em>Afra-</em></strong></span> 
     </span>
     <span class='ocr_line' id='line_1_5' title="bbox 75 649 1055 731; baseline -0.003 -16"><span class='ocrx_word' id='word_1_32' title='bbox 75 673 111 715; x_wconf 91' lang='lat' dir='ltr'><strong><em>us</em></strong></span> <span class='ocrx_word' id='word_1_33' title='bbox 128 655 158 713; x_wconf 93' lang='lat' dir='ltr'><strong><em>iu</em></strong></span> <span class='ocrx_word' id='word_1_34' title='bbox 172 653 325 713; x_wconf 83' lang='lat' dir='ltr'>lucendio:</span> <span class='ocrx_word' id='word_1_35' title='bbox 356 649 381 712; x_wconf 92' lang='lat'><em>0</em></span> <span class='ocrx_word' id='word_1_36' title='bbox 394 671 494 731; x_wconf 89' lang='lat' dir='ltr'><strong><em>puere</em></strong></span> <span class='ocrx_word' id='word_1_37' title='bbox 506 671 619 730; x_wconf 73' lang='lat' dir='ltr'><strong><em>puae,</em></strong></span> <span class='ocrx_word' id='word_1_38' title='bbox 636 652 702 712; x_wconf 86' lang='lat' dir='ltr'><strong><em>siae</em></strong></span> <span class='ocrx_word' id='word_1_39' title='bbox 715 653 898 730; x_wconf 77' lang='lat' dir='ltr'><strong><em>prospicere</em></strong></span> <span class='ocrx_word' id='word_1_40' title='bbox 912 671 959 712; x_wconf 89' lang='lat' dir='ltr'><strong><em>me</em></strong></span> <span class='ocrx_word' id='word_1_41' title='bbox 972 653 1055 713; x_wconf 84' lang='lat' dir='ltr'><strong><em>mibi.</em></strong></span> 
     </span>
     <span class='ocr_line' id='line_1_6' title="bbox 75 735 1055 814; baseline -0.004 -14"><span class='ocrx_word' id='word_1_42' title='bbox 75 739 168 800; x_wconf 78' lang='lat' dir='ltr'><strong><em>lautus</em></strong></span> <span class='ocrx_word' id='word_1_43' title='bbox 188 739 216 796; x_wconf 93' lang='lat' dir='ltr'><strong><em>in</em></strong></span> <span class='ocrx_word' id='word_1_44' title='bbox 237 735 401 796; x_wconf 80' lang='lat' dir='ltr'><strong><em>lenonibus</em></strong></span> <span class='ocrx_word' id='word_1_45' title='bbox 425 738 563 814; x_wconf 86' lang='lat' dir='ltr'><strong><em>geminis:</em></strong></span> <span class='ocrx_word' id='word_1_46' title='bbox 594 735 686 797; x_wconf 88' lang='lat' dir='ltr'><strong><em>Dolet</em></strong></span> <span class='ocrx_word' id='word_1_47' title='bbox 708 737 757 796; x_wconf 77' lang='lat' dir='ltr'><strong><em>laic</em></strong></span> <span class='ocrx_word' id='word_1_48' title='bbox 776 737 899 812; x_wconf 91' lang='lat' dir='ltr'><strong><em>puellas</em></strong></span> <span class='ocrx_word' id='word_1_49' title='bbox 920 754 988 795; x_wconf 89' lang='lat' dir='ltr'><strong><em>sese</em></strong></span> <span class='ocrx_word' id='word_1_50' title='bbox 1004 754 1055 796; x_wconf 88' lang='lat' dir='ltr'><strong><em>oe·</em></strong></span> 
     </span>
     <span class='ocr_line' id='line_1_7' title="bbox 74 818 1057 899; baseline -0.004 -16"><span class='ocrx_word' id='word_1_51' title='bbox 74 841 120 883; x_wconf 84' lang='lat' dir='ltr'><strong><em>am</em></strong></span> <span class='ocrx_word' id='word_1_52' title='bbox 142 821 259 882; x_wconf 78' lang='lat' dir='ltr'><strong><em>ducier.</em></strong></span> <span class='ocrx_word' id='word_1_53' title='bbox 301 819 425 880; x_wconf 84' lang='lat' dir='ltr'>Lucilius</span> <span class='ocrx_word' id='word_1_54' title='bbox 447 822 475 879; x_wconf 93' lang='lat' dir='ltr'><strong><em>in</em></strong></span> <span class='ocrx_word' id='word_1_55' title='bbox 500 819 569 879; x_wconf 91' lang='lat' dir='ltr'>llll:</span> <span class='ocrx_word' id='word_1_56' title='bbox 605 818 739 899; x_wconf 79' lang='lat' dir='ltr'><strong><em>Cumque</em></strong></span> <span class='ocrx_word' id='word_1_57' title='bbox 759 819 809 880; x_wconf 79' lang='lat' dir='ltr'><strong><em>liic</em></strong></span> <span class='ocrx_word' id='word_1_58' title='bbox 824 829 886 880; x_wconf 90' lang='lat' dir='ltr'><strong><em>tom</em></strong></span> <span class='ocrx_word' id='word_1_59' title='bbox 898 820 1057 899; x_wconf 79' lang='lat' dir='ltr'><strong><em>formosus</em></strong></span> 
     </span>
     <span class='ocr_line' id='line_1_8' title="bbox 74 902 1057 984; baseline -0.004 -17"><span class='ocrx_word' id='word_1_60' title='bbox 74 925 139 968; x_wconf 81' lang='lat' dir='ltr'><strong><em>omo</em></strong></span> <span class='ocrx_word' id='word_1_61' title='bbox 155 924 194 966; x_wconf 91' lang='lat' dir='ltr'><strong><em>ac</em></strong></span> <span class='ocrx_word' id='word_1_62' title='bbox 208 912 236 965; x_wconf 94' lang='lat' dir='ltr'><strong><em>te</em></strong></span> <span class='ocrx_word' id='word_1_63' title='bbox 251 904 360 984; x_wconf 85' lang='lat' dir='ltr'><strong><em>diqaas</em></strong></span> <span class='ocrx_word' id='word_1_64' title='bbox 373 904 506 981; x_wconf 92' lang='lat' dir='ltr'><strong><em>puellus.</em></strong></span> <span class='ocrx_word' id='word_1_65' title='bbox 538 903 635 963; x_wconf 88' lang='lat' dir='ltr'><strong><em>Livius</em></strong></span> <span class='ocrx_word' id='word_1_66' title='bbox 650 905 677 962; x_wconf 94' lang='lat' dir='ltr'><strong><em>in</em></strong></span> <span class='ocrx_word' id='word_1_67' title='bbox 690 902 828 978; x_wconf 80' lang='lat' dir='ltr'>Odyssia:</span> <span class='ocrx_word' id='word_1_68' title='bbox 845 904 965 966; x_wconf 86' lang='lat' dir='ltr'><strong><em>Soacto</em></strong></span> <span class='ocrx_word' id='word_1_69' title='bbox 976 922 1057 982; x_wconf 87' lang='lat' dir='ltr'><strong><em>puer</em></strong></span> 
     </span>
     <span class='ocr_line' id='line_1_9' title="bbox 75 987 1055 1068; baseline -0.003 -17"><span class='ocrx_word' id='word_1_70' title='bbox 75 990 184 1052; x_wconf 87' lang='lat' dir='ltr'><strong><em>aturai</em></strong></span> <span class='ocrx_word' id='word_1_71' title='bbox 194 989 263 1068; x_wconf 74' lang='lat' dir='ltr'><strong><em>filia</em></strong></span> <span class='ocrx_word' id='word_1_72' title='bbox 277 988 397 1067; x_wconf 81' lang='lat' dir='ltr'><strong><em>repiao.</em></strong></span> <span class='ocrx_word' id='word_1_73' title='bbox 426 988 580 1048; x_wconf 83' lang='lat' dir='ltr'><strong><em>Naevius</em></strong></span> <span class='ocrx_word' id='word_1_74' title='bbox 572 1007 599 1047; x_wconf 84' lang='lat' dir='ltr'><strong><em>nn</em></strong></span> <span class='ocrx_word' id='word_1_75' title='bbox 614 987 649 1047; x_wconf 93' lang='lat' dir='ltr'><strong><em>ll.</em></strong></span> <span class='ocrx_word' id='word_1_76' title='bbox 665 987 737 1047; x_wconf 88' lang='lat' dir='ltr'><strong><em>belli</em></strong></span> <span class='ocrx_word' id='word_1_77' title='bbox 757 987 868 1048; x_wconf 90' lang='lat' dir='ltr'><strong><em>Punici:</em></strong></span> <span class='ocrx_word' id='word_1_78' title='bbox 891 987 1024 1048; x_wconf 88' lang='lat' dir='ltr'><strong><em>Prima</em></strong></span> <span class='ocrx_word' id='word_1_79' title='bbox 1012 1007 1055 1048; x_wconf 80' lang='lat' dir='ltr'><strong><em>aa·</em></strong></span> 
     </span>
     <span class='ocr_line' id='line_1_10' title="bbox 74 1071 1055 1170; baseline -0.005 -34.937"><span class='ocrx_word' id='word_1_80' title='bbox 74 1075 133 1135; x_wconf 84' lang='lat' dir='ltr'><strong><em>edit</em></strong></span> <span class='ocrx_word' id='word_1_81' title='bbox 152 1072 277 1134; x_wconf 82' lang='lat' dir='ltr'><strong><em>Cereris</em></strong></span> <span class='ocrx_word' id='word_1_82' title='bbox 296 1071 487 1170; x_wconf 76' lang='lat' dir='ltr'><strong><em>Proserpina</em></strong></span> <span class='ocrx_word' id='word_1_83' title='bbox 501 1090 591 1150; x_wconf 91' lang='lat' dir='ltr'><strong><em>puer.</em></strong></span> <span class='ocrx_word' id='word_1_84' title='bbox 623 1073 751 1132; x_wconf 83' lang='lat' dir='ltr'><strong><em>Varro</em></strong></span> <span class='ocrx_word' id='word_1_85' title='bbox 744 1090 771 1130; x_wconf 94' lang='lat' dir='ltr'><strong><em>m</em></strong></span> <span class='ocrx_word' id='word_1_86' title='bbox 794 1083 890 1132; x_wconf 84' lang='lat' dir='ltr'><strong><em>sutura</em></strong></span> <span class='ocrx_word' id='word_1_87' title='bbox 915 1090 988 1150; x_wconf 85' lang='lat' dir='ltr'><strong><em>quae</em></strong></span> <span class='ocrx_word' id='word_1_88' title='bbox 1015 1075 1055 1131; x_wconf 93' lang='lat' dir='ltr'><strong><em>in-</em></strong></span> 
     </span>
     <span class='ocr_line' id='line_1_11' title="bbox 74 1137 1052 1236; baseline -0.003 -17.962"><span class='ocrx_word' id='word_1_89' title='bbox 74 1159 188 1220; x_wconf 80' lang='lat' dir='ltr'><strong><em>:ribitur</em></strong></span> <span class='ocrx_word' id='word_1_90' title='bbox 197 1147 316 1226; x_wconf 79' lang='grc' dir='ltr'><em>’Ἁλλος</em></span> <span class='ocrx_word' id='word_1_91' title='bbox 338 1137 437 1226; x_wconf 78' lang='grc' dir='ltr'><strong><em>οὗτος</em></strong></span> <span class='ocrx_word' id='word_1_92' title='bbox 455 1144 631 1236; x_wconf 76' lang='grc' dir='ltr'><strong><em>Ηρακλῆς·</em></strong></span> <span class='ocrx_word' id='word_1_93' title='bbox 661 1155 863 1235; x_wconf 86' lang='lat' dir='ltr'><strong><em>Gravidaque</em></strong></span> <span class='ocrx_word' id='word_1_94' title='bbox 883 1163 982 1216; x_wconf 88' lang='lat' dir='ltr'><strong><em>mater</em></strong></span> <span class='ocrx_word' id='word_1_95' title='bbox 1000 1174 1052 1234; x_wconf 91' lang='lat' dir='ltr'><strong><em>pe·</em></strong></span> 
     </span>
     <span class='ocr_line' id='line_1_12' title="bbox 74 1238 1055 1319; baseline -0.003 -16"><span class='ocrx_word' id='word_1_96' title='bbox 74 1239 377 1319; x_wconf 86' lang='lat' dir='ltr'><strong><em>eritlooipuellum.</em></strong></span> <span class='ocrx_word' id='word_1_97' title='bbox 411 1238 638 1316; x_wconf 83' lang='lat' dir='ltr'><strong><em>Prisci‚aausa</em></strong></span> <span class='ocrx_word' id='word_1_98' title='bbox 655 1248 685 1317; x_wconf 81' lang='lat'><strong><em>8,</em></strong></span> <span class='ocrx_word' id='word_1_99' title='bbox 701 1249 748 1300; x_wconf 79' lang='grc'><strong><em>41.</em></strong></span> <span class='ocrx_word' id='word_1_100' title='bbox 767 1249 816 1300; x_wconf 80' lang='grc'><strong><em>42</em></strong></span> <span class='ocrx_word' id='word_1_101' title='bbox 837 1259 871 1318; x_wconf 89' lang='lat' dir='ltr'><strong><em>p.</em></strong></span> <span class='ocrx_word' id='word_1_102' title='bbox 892 1238 995 1301; x_wconf 77' lang='grc' dir='ltr'><strong><em>697Ρ.</em></strong></span> <span class='ocrx_word' id='word_1_103' title='bbox 1014 1239 1055 1317; x_wconf 83' lang='lat' dir='ltr'><strong><em>cs.</em></strong></span> 
     </span>
     <span class='ocr_line' id='line_1_13' title="bbox 73 1332 327 1422; baseline -0.016 -35"><span class='ocrx_word' id='word_1_104' title='bbox 73 1344 161 1422; x_wconf 88' lang='lat' dir='ltr'><strong><em>upra</em></strong></span> <span class='ocrx_word' id='word_1_105' title='bbox 167 1343 200 1403; x_wconf 91' lang='lat' dir='ltr'><strong><em>p.</em></strong></span> <span class='ocrx_word' id='word_1_106' title='bbox 219 1333 282 1396; x_wconf 87' lang='lat'><strong><em>122,</em></strong></span> <span class='ocrx_word' id='word_1_107' title='bbox 299 1332 327 1384; x_wconf 79' lang='lat'><strong><em>8.</em></strong></span> 
     </span>
    </p>

    <p class='ocr_par' dir='ltr' id='par_1_4' title="bbox 72 1395 1058 1909">
     <span class='ocr_line' id='line_1_14' title="bbox 120 1395 1057 1508; baseline -0.004 -38"><span class='ocrx_word' id='word_1_108' title='bbox 120 1399 165 1470; x_wconf 91' lang='lat' dir='ltr'><strong><em>To</em></strong></span> <span class='ocrx_word' id='word_1_109' title='bbox 181 1427 247 1468; x_wconf 82' lang='grc' dir='ltr'><strong><em>των</em></strong></span> <span class='ocrx_word' id='word_1_110' title='bbox 261 1426 369 1486; x_wconf 78' lang='lat' dir='ltr'><strong><em>sapae</em></strong></span> <span class='ocrx_word' id='word_1_111' title='bbox 385 1406 574 1506; x_wconf 78' lang='lat' dir='ltr'><strong><em>onolacco,</em></strong></span> <span class='ocrx_word' id='word_1_112' title='bbox 585 1427 648 1468; x_wconf 84' lang='grc' dir='ltr'><strong><em>ουκ</em></strong></span> <span class='ocrx_word' id='word_1_113' title='bbox 664 1428 704 1469; x_wconf 85' lang='grc' dir='ltr'><strong><em>ον</em></strong></span> <span class='ocrx_word' id='word_1_114' title='bbox 718 1428 765 1468; x_wconf 81' lang='grc' dir='ltr'><strong><em>απ</em></strong></span> <span class='ocrx_word' id='word_1_115' title='bbox 768 1397 907 1508; x_wconf 59' lang='lat' dir='ltr'><strong><em>„istaes</em></strong></span> <span class='ocrx_word' id='word_1_116' title='bbox 942 1395 1057 1469; x_wconf 79' lang='grc' dir='ltr'><strong><em>6Λῦ-</em></strong></span> 
     </span>
     <span class='ocr_line' id='line_1_15' title="bbox 73 1480 1058 1595; baseline -0.005 -39"><span class='ocrx_word' id='word_1_117' title='bbox 73 1507 195 1564; x_wconf 83' lang='grc' dir='ltr'><em>ουστος</em></span> <span class='ocrx_word' id='word_1_118' title='bbox 217 1487 467 1590; x_wconf 70' lang='lat' dir='ltr'><strong><em>poossumus</em></strong></span> <span class='ocrx_word' id='word_1_119' title='bbox 428 1511 467 1589; x_wconf 80' lang='lat' dir='ltr'><strong><em>aq</em></strong></span> <span class='ocrx_word' id='word_1_120' title='bbox 490 1480 590 1594; x_wconf 77' lang='grc' dir='ltr'><em>ἀρχῇ,</em></span> <span class='ocrx_word' id='word_1_121' title='bbox 613 1481 675 1571; x_wconf 76' lang='grc' dir='ltr'><strong><em>τὴν</em></strong></span> <span class='ocrx_word' id='word_1_122' title='bbox 690 1487 781 1553; x_wconf 78' lang='grc' dir='ltr'><strong><em>ἐν</em></strong></span> <span class='ocrx_word' id='word_1_123' title='bbox 741 1513 780 1574; x_wconf 78' lang='grc' dir='ltr'><strong><em>τῃ</em></strong></span> <span class='ocrx_word' id='word_1_124' title='bbox 797 1481 905 1595; x_wconf 66' lang='grc' dir='ltr'><strong><em>Ῥώμῃ</em></strong></span> <span class='ocrx_word' id='word_1_125' title='bbox 924 1491 1058 1574; x_wconf 71' lang='grc' dir='ltr'><em>βασιλι-</em></span> 
     </span>
     <span class='ocr_line' id='line_1_16' title="bbox 74 1555 1055 1659; baseline 0.001 -21"><span class='ocrx_word' id='word_1_126' title='bbox 74 1568 116 1659; x_wconf 79' lang='grc' dir='ltr'><strong><em>ὴν</em></strong></span> <span class='ocrx_word' id='word_1_127' title='bbox 133 1567 334 1655; x_wconf 65' lang='lat' dir='ltr'><strong><em>despiciamur,</em></strong></span> <span class='ocrx_word' id='word_1_128' title='bbox 359 1595 404 1647; x_wconf 87' lang='grc' dir='ltr'><strong><em>ως</em></strong></span> <span class='ocrx_word' id='word_1_129' title='bbox 420 1595 438 1636; x_wconf 95' lang='lat' dir='ltr'><strong><em>o</em></strong></span> <span class='ocrx_word' id='word_1_130' title='bbox 460 1572 674 1656; x_wconf 68' lang='lat' dir='ltr'><strong><em>Todpaulloc</em></strong></span> <span class='ocrx_word' id='word_1_131' title='bbox 690 1555 767 1638; x_wconf 80' lang='lat' dir='ltr'><strong><em>siae</em></strong></span> <span class='ocrx_word' id='word_1_132' title='bbox 776 1574 966 1657; x_wconf 78' lang='grc' dir='ltr'><strong><em>φιλολόγος.</em></strong></span> <span class='ocrx_word' id='word_1_133' title='bbox 1004 1577 1055 1639; x_wconf 88' lang='grc' dir='ltr'><strong><em>Ιο-</em></strong></span> 
     </span>
     <span class='ocr_line' id='line_1_17' title="bbox 73 1657 1055 1757; baseline 0.001 -35"><span class='ocrx_word' id='word_1_134' title='bbox 73 1657 899 1757; x_wconf 69' lang='lat' dir='ltr'><strong><em>aaesLaureatiuqudusdearoqistrat.Rom.134</em></strong></span> <span class='ocrx_word' id='word_1_135' title='bbox 919 1662 958 1741; x_wconf 83' lang='lat' dir='ltr'><strong><em>cf.</em></strong></span> <span class='ocrx_word' id='word_1_136' title='bbox 970 1661 1055 1723; x_wconf 88' lang='lat' dir='ltr'><strong><em>Prel-</em></strong></span> 
     </span>
     <span class='ocr_line' id='line_1_18' title="bbox 72 1741 1058 1825; baseline -0.001 -18"><span class='ocrx_word' id='word_1_137' title='bbox 72 1741 1003 1825; x_wconf 71' lang='lat' dir='ltr'><strong><em>rdereqtomdasp140,·auscforteoerdasuprap.55,</em></strong></span> <span class='ocrx_word' id='word_1_138' title='bbox 1024 1756 1058 1806; x_wconf 85' lang='lat'><strong><em>11</em></strong></span> 
     </span>
     <span class='ocr_line' id='line_1_19' title="bbox 72 1826 692 1909; baseline -0.006 -17"><span class='ocrx_word' id='word_1_139' title='bbox 72 1831 172 1909; x_wconf 75' lang='lat' dir='ltr'><strong><em>cripta</em></strong></span> <span class='ocrx_word' id='word_1_140' title='bbox 187 1833 308 1907; x_wconf 88' lang='lat' dir='ltr'><strong><em>spectat</em></strong></span> <span class='ocrx_word' id='word_1_141' title='bbox 329 1826 580 1888; x_wconf 79' lang='lat' dir='ltr'><strong><em>iratricatissimus</em></strong></span> <span class='ocrx_word' id='word_1_142' title='bbox 596 1830 692 1890; x_wconf 89' lang='lat' dir='ltr'><strong><em>locus.</em></strong></span> 
     </span>
    </p>

    <p class='ocr_par' dir='ltr' id='par_1_5' title="bbox 72 1910 1056 2158">
     <span class='ocr_line' id='line_1_20' title="bbox 112 1910 1055 1992; baseline -0.003 -18"><span class='ocrx_word' id='word_1_143' title='bbox 112 1912 194 1974; x_wconf 86' lang='lat' dir='ltr'><strong><em>XIV.</em></strong></span> <span class='ocrx_word' id='word_1_144' title='bbox 224 1910 325 1988; x_wconf 83' lang='lat' dir='ltr'><strong><em>Longe</em></strong></span> <span class='ocrx_word' id='word_1_145' title='bbox 340 1911 573 1971; x_wconf 87' lang='lat' dir='ltr'><strong><em>iucundissimum</em></strong></span> <span class='ocrx_word' id='word_1_146' title='bbox 587 1931 690 1992; x_wconf 83' lang='lat' dir='ltr'><strong><em>poema</em></strong></span> <span class='ocrx_word' id='word_1_147' title='bbox 707 1958 713 1970; x_wconf 98' lang='lat'><strong><em>.</em></strong></span> <span class='ocrx_word' id='word_1_148' title='bbox 730 1959 736 1972; x_wconf 92' lang='lat'><strong><em>.</em></strong></span> <span class='ocrx_word' id='word_1_149' title='bbox 754 1959 760 1972; x_wconf 95' lang='lat'><strong><em>.</em></strong></span> <span class='ocrx_word' id='word_1_150' title='bbox 779 1915 815 1974; x_wconf 89' lang='lat' dir='ltr'><strong><em>de</em></strong></span> <span class='ocrx_word' id='word_1_151' title='bbox 834 1912 956 1972; x_wconf 86' lang='lat' dir='ltr'><strong><em>tribus</em></strong></span> <span class='ocrx_word' id='word_1_152' title='bbox 971 1913 1055 1972; x_wconf 89' lang='lat' dir='ltr'><strong><em>Sue·</em></strong></span> 
     </span>
     <span class='ocr_line' id='line_1_21' title="bbox 72 1995 1056 2075; baseline -0.004 -17"><span class='ocrx_word' id='word_1_153' title='bbox 72 1999 145 2059; x_wconf 75' lang='lat' dir='ltr'><strong><em>inii</em></strong></span> <span class='ocrx_word' id='word_1_154' title='bbox 163 1995 274 2058; x_wconf 88' lang='lat' dir='ltr'><strong><em>libris</em></strong></span> <span class='ocrx_word' id='word_1_155' title='bbox 293 2011 367 2072; x_wconf 91' lang='lat' dir='ltr'><strong><em>quos</em></strong></span> <span class='ocrx_word' id='word_1_156' title='bbox 382 1996 432 2055; x_wconf 88' lang='lat' dir='ltr'><strong><em>ille</em></strong></span> <span class='ocrx_word' id='word_1_157' title='bbox 448 1997 491 2055; x_wconf 88' lang='lat' dir='ltr'><strong><em>de</em></strong></span> <span class='ocrx_word' id='word_1_158' title='bbox 508 1996 674 2074; x_wconf 84' lang='lat' dir='ltr'>Regibus</span> <span class='ocrx_word' id='word_1_159' title='bbox 689 1997 768 2057; x_wconf 90' lang='lat' dir='ltr'><strong><em>dedit</em></strong></span> <span class='ocrx_word' id='word_1_160' title='bbox 783 1999 810 2055; x_wconf 91' lang='lat' dir='ltr'><strong><em>in</em></strong></span> <span class='ocrx_word' id='word_1_161' title='bbox 823 1998 970 2075; x_wconf 77' lang='lat' dir='ltr'><strong><em>epitomen</em></strong></span> <span class='ocrx_word' id='word_1_162' title='bbox 988 2013 1056 2055; x_wconf 87' lang='lat' dir='ltr'>cce-</span> 
     </span>
     <span class='ocr_line' id='line_1_22' title="bbox 72 2079 760 2158; baseline -0.004 -15"><span class='ocrx_word' id='word_1_163' title='bbox 72 2083 143 2143; x_wconf 76' lang='lat' dir='ltr'><strong><em>sci.</em></strong></span> <span class='ocrx_word' id='word_1_164' title='bbox 165 2126 172 2141; x_wconf 95' lang='lat'><strong><em>.</em></strong></span> <span class='ocrx_word' id='word_1_165' title='bbox 193 2079 245 2139; x_wconf 82' lang='lat' dir='ltr'><strong><em>‚lu</em></strong></span> <span class='ocrx_word' id='word_1_166' title='bbox 261 2079 305 2138; x_wconf 93' lang='lat' dir='ltr'><strong><em>his</em></strong></span> <span class='ocrx_word' id='word_1_167' title='bbox 325 2079 457 2138; x_wconf 87' lang='lat' dir='ltr'><strong><em>versibus</em></strong></span> <span class='ocrx_word' id='word_1_168' title='bbox 477 2098 534 2157; x_wconf 86' lang='lat' dir='ltr'><strong><em>ego</em></strong></span> <span class='ocrx_word' id='word_1_169' title='bbox 548 2083 601 2141; x_wconf 84' lang='lat' dir='ltr'><strong><em>istc</em></strong></span> <span class='ocrx_word' id='word_1_170' title='bbox 620 2082 760 2158; x_wconf 82' lang='lat' dir='ltr'><strong><em>cognovi:</em></strong></span> 
     </span>
    </p>

    <p class='ocr_par' dir='ltr' id='par_1_6' title="bbox 203 2168 946 2240">
     <span class='ocr_line' id='line_1_23' title="bbox 203 2168 946 2240; baseline -0.004 -16"><span class='ocrx_word' id='word_1_171' title='bbox 203 2169 401 2239; x_wconf 83' lang='lat' dir='ltr'><strong><em>Europamque</em></strong></span> <span class='ocrx_word' id='word_1_172' title='bbox 414 2168 576 2240; x_wconf 76' lang='lat' dir='ltr'><strong><em>Asiamque,</em></strong></span> <span class='ocrx_word' id='word_1_173' title='bbox 592 2172 645 2225; x_wconf 76' lang='lat' dir='ltr'><strong><em>daco</em></strong></span> <span class='ocrx_word' id='word_1_174' title='bbox 658 2172 700 2225; x_wconf 88' lang='lat' dir='ltr'><strong><em>uel</em></strong></span> <span class='ocrx_word' id='word_1_175' title='bbox 713 2171 836 2224; x_wconf 79' lang='lat' dir='ltr'><strong><em>maxima</em></strong></span> <span class='ocrx_word' id='word_1_176' title='bbox 852 2174 946 2222; x_wconf 86' lang='lat' dir='ltr'><strong><em>terrac</em></strong></span> 
     </span>
    </p>

    <p class='ocr_par' dir='ltr' id='par_1_7' title="bbox 121 2251 1056 2911">
     <span class='ocr_line' id='line_1_24' title="bbox 121 2251 926 2326; baseline 0 -20"><span class='ocrx_word' id='word_1_177' title='bbox 121 2319 123 2322; x_wconf 11' lang='lat' dir='ltr'>y</span> <span class='ocrx_word' id='word_1_178' title='bbox 204 2251 344 2319; x_wconf 87' lang='lat' dir='ltr'><strong><em>Membro,</em></strong></span> <span class='ocrx_word' id='word_1_179' title='bbox 364 2253 458 2323; x_wconf 89' lang='lat' dir='ltr'><strong><em>quibus</em></strong></span> <span class='ocrx_word' id='word_1_180' title='bbox 472 2252 585 2326; x_wconf 80' lang='lat' dir='ltr'><strong><em>Libyam</em></strong></span> <span class='ocrx_word' id='word_1_181' title='bbox 600 2255 677 2309; x_wconf 88' lang='lat' dir='ltr'><strong><em>dubie</em></strong></span> <span class='ocrx_word' id='word_1_182' title='bbox 692 2253 838 2309; x_wconf 82' lang='lat' dir='ltr'><strong><em>Sallustius</em></strong></span> <span class='ocrx_word' id='word_1_183' title='bbox 851 2253 926 2307; x_wconf 80' lang='lat' dir='ltr'><strong><em>addit</em></strong></span> 
     </span>
     <span class='ocr_line' id='line_1_25' title="bbox 205 2336 881 2409; baseline 0.003 -20"><span class='ocrx_word' id='word_1_184' title='bbox 205 2336 340 2406; x_wconf 82' lang='lat' dir='ltr'><strong><em>Europae</em></strong></span> <span class='ocrx_word' id='word_1_185' title='bbox 357 2337 529 2406; x_wconf 85' lang='lat' dir='ltr'><strong><em>adiunctum,</em></strong></span> <span class='ocrx_word' id='word_1_186' title='bbox 539 2341 630 2409; x_wconf 85' lang='lat' dir='ltr'><strong><em>possit</em></strong></span> <span class='ocrx_word' id='word_1_187' title='bbox 647 2354 709 2392; x_wconf 89' lang='lat' dir='ltr'><strong><em>cum</em></strong></span> <span class='ocrx_word' id='word_1_188' title='bbox 726 2340 805 2392; x_wconf 86' lang='lat' dir='ltr'><strong><em>tertio</em></strong></span> <span class='ocrx_word' id='word_1_189' title='bbox 820 2337 881 2406; x_wconf 82' lang='lat' dir='ltr'><strong><em>dici,</em></strong></span> 
     </span>
     <span class='ocr_line' id='line_1_26' title="bbox 206 2419 914 2494; baseline 0.004 -21"><span class='ocrx_word' id='word_1_190' title='bbox 206 2419 347 2491; x_wconf 87' lang='lat' dir='ltr'><strong><em>Repnutas</em></strong></span> <span class='ocrx_word' id='word_1_191' title='bbox 360 2422 461 2482; x_wconf 85' lang='lat' dir='ltr'><strong><em>multis,</em></strong></span> <span class='ocrx_word' id='word_1_192' title='bbox 479 2437 547 2492; x_wconf 88' lang='lat' dir='ltr'><strong><em>quos</em></strong></span> <span class='ocrx_word' id='word_1_193' title='bbox 561 2422 641 2494; x_wconf 85' lang='lat' dir='ltr'><strong><em>sama</em></strong></span> <span class='ocrx_word' id='word_1_194' title='bbox 657 2422 790 2477; x_wconf 83' lang='lat' dir='ltr'><strong><em>oblitterat</em></strong></span> <span class='ocrx_word' id='word_1_195' title='bbox 806 2428 831 2475; x_wconf 88' lang='lat' dir='ltr'><strong><em>et</em></strong></span> <span class='ocrx_word' id='word_1_196' title='bbox 847 2437 914 2493; x_wconf 86' lang='lat' dir='ltr'><strong><em>qaas</em></strong></span> 
     </span>
     <span class='ocr_line' id='line_1_27' title="bbox 208 2503 964 2578; baseline 0.003 -20"><span class='ocrx_word' id='word_1_197' title='bbox 208 2503 339 2558; x_wconf 84' lang='lat' dir='ltr'><strong><em>Barbara</em></strong></span> <span class='ocrx_word' id='word_1_198' title='bbox 359 2503 504 2559; x_wconf 84' lang='lat' dir='ltr'><strong><em>Romanae</em></strong></span> <span class='ocrx_word' id='word_1_199' title='bbox 518 2522 573 2561; x_wconf 85' lang='lat' dir='ltr'><strong><em>aaa</em></strong></span> <span class='ocrx_word' id='word_1_200' title='bbox 588 2507 701 2561; x_wconf 86' lang='lat' dir='ltr'><strong><em>traduat</em></strong></span> <span class='ocrx_word' id='word_1_201' title='bbox 714 2509 824 2561; x_wconf 80' lang='lat' dir='ltr'><strong><em>aomina</em></strong></span> <span class='ocrx_word' id='word_1_202' title='bbox 842 2508 964 2578; x_wconf 82' lang='lat' dir='ltr'><strong><em>linquae:</em></strong></span> 
     </span>
     <span class='ocr_line' id='line_1_28' title="bbox 206 2585 1056 2662; baseline 0.002 -21"><span class='ocrx_word' id='word_1_203' title='bbox 206 2585 353 2642; x_wconf 79' lang='lat' dir='ltr'><strong><em>Illibanum</em></strong></span> <span class='ocrx_word' id='word_1_204' title='bbox 365 2587 564 2661; x_wconf 83' lang='lat' dir='ltr'><strong><em>Numidamque</em></strong></span> <span class='ocrx_word' id='word_1_205' title='bbox 574 2591 689 2658; x_wconf 82' lang='lat' dir='ltr'><strong><em>Avelim,</em></strong></span> <span class='ocrx_word' id='word_1_206' title='bbox 702 2590 892 2662; x_wconf 76' lang='lat' dir='ltr'><strong><em>Parthumque</em></strong></span> <span class='ocrx_word' id='word_1_207' title='bbox 912 2591 1056 2648; x_wconf 67' lang='lat' dir='ltr'><strong><em>Vononem.</em></strong></span> 
     </span>
     <span class='ocr_line' id='line_1_29' title="bbox 206 2671 921 2746; baseline 0.006 -20"><span class='ocrx_word' id='word_1_208' title='bbox 206 2672 244 2726; x_wconf 87' lang='lat' dir='ltr'><strong><em>Et</em></strong></span> <span class='ocrx_word' id='word_1_209' title='bbox 259 2671 398 2728; x_wconf 84' lang='lat' dir='ltr'><strong><em>Coranum</em></strong></span> <span class='ocrx_word' id='word_1_210' title='bbox 412 2671 525 2728; x_wconf 90' lang='lat' dir='ltr'><strong><em>Pellaea</em></strong></span> <span class='ocrx_word' id='word_1_211' title='bbox 542 2675 615 2728; x_wconf 85' lang='lat' dir='ltr'><strong><em>dedit</em></strong></span> <span class='ocrx_word' id='word_1_212' title='bbox 627 2678 676 2745; x_wconf 92' lang='lat' dir='ltr'><strong><em>qui</em></strong></span> <span class='ocrx_word' id='word_1_213' title='bbox 690 2677 801 2730; x_wconf 88' lang='lat' dir='ltr'><strong><em>aomina</em></strong></span> <span class='ocrx_word' id='word_1_214' title='bbox 816 2689 921 2746; x_wconf 81' lang='lat' dir='ltr'><strong><em>repam,</em></strong></span> 
     </span>
     <span class='ocr_line' id='line_1_30' title="bbox 206 2753 931 2829; baseline 0.004 -20"><span class='ocrx_word' id='word_1_215' title='bbox 206 2753 310 2828; x_wconf 85' lang='lat' dir='ltr'><strong><em>Quique</em></strong></span> <span class='ocrx_word' id='word_1_216' title='bbox 321 2771 414 2827; x_wconf 85' lang='lat' dir='ltr'><strong><em>mopos</em></strong></span> <span class='ocrx_word' id='word_1_217' title='bbox 427 2757 518 2812; x_wconf 83' lang='lat' dir='ltr'><strong><em>docuit</em></strong></span> <span class='ocrx_word' id='word_1_218' title='bbox 531 2760 660 2829; x_wconf 73' lang='lat' dir='ltr'><strong><em>mysteria</em></strong></span> <span class='ocrx_word' id='word_1_219' title='bbox 674 2776 746 2814; x_wconf 89' lang='lat' dir='ltr'><strong><em>oaao</em></strong></span> <span class='ocrx_word' id='word_1_220' title='bbox 761 2759 931 2829; x_wconf 76' lang='lat' dir='ltr'><strong><em>Nechepsas,</em></strong></span> 
     </span>
     <span class='ocr_line' id='line_1_31' title="bbox 207 2840 891 2911; baseline 0.004 -19"><span class='ocrx_word' id='word_1_221' title='bbox 207 2840 244 2893; x_wconf 87' lang='lat' dir='ltr'><strong><em>Et</em></strong></span> <span class='ocrx_word' id='word_1_222' title='bbox 256 2841 305 2911; x_wconf 89' lang='lat' dir='ltr'><strong><em>qai</em></strong></span> <span class='ocrx_word' id='word_1_223' title='bbox 316 2842 440 2911; x_wconf 80' lang='lat' dir='ltr'><strong><em>repascit</em></strong></span> <span class='ocrx_word' id='word_1_224' title='bbox 453 2845 511 2896; x_wconf 82' lang='lat' dir='ltr'><strong><em>siae</em></strong></span> <span class='ocrx_word' id='word_1_225' title='bbox 526 2845 634 2897; x_wconf 86' lang='lat' dir='ltr'><strong><em>aomiae</em></strong></span> <span class='ocrx_word' id='word_1_226' title='bbox 649 2859 715 2897; x_wconf 83' lang='lat' dir='ltr'><strong><em>moa</em></strong></span> <span class='ocrx_word' id='word_1_227' title='bbox 733 2842 891 2898; x_wconf 75' lang='lat' dir='ltr'><strong><em>sesoostris.</em></strong></span> 
     </span>
    </p>

    <p class='ocr_par' dir='ltr' id='par_1_8' title="bbox 464 2924 973 2996">
     <span class='ocr_line' id='line_1_32' title="bbox 464 2924 973 2996; baseline 0 -18"><span class='ocrx_word' id='word_1_228' title='bbox 464 2928 601 2981; x_wconf 82' lang='lat' dir='ltr'><strong><em>Ausonius</em></strong></span> <span class='ocrx_word' id='word_1_229' title='bbox 616 2927 654 2981; x_wconf 90' lang='lat' dir='ltr'><strong><em>ad</em></strong></span> <span class='ocrx_word' id='word_1_230' title='bbox 666 2927 823 2996; x_wconf 86' lang='lat' dir='ltr'><strong><em>Paulinum,</em></strong></span> <span class='ocrx_word' id='word_1_231' title='bbox 836 2927 913 2995; x_wconf 90' lang='lat' dir='ltr'><strong><em>epist.</em></strong></span> <span class='ocrx_word' id='word_1_232' title='bbox 931 2924 973 2980; x_wconf 82' lang='lat'><strong><em>19.</em></strong></span> 
     </span>
    </p>

    <p class='ocr_par' dir='ltr' id='par_1_9' title="bbox 68 3000 1057 3499">
     <span class='ocr_line' id='line_1_33' title="bbox 113 3000 1056 3081; baseline 0.001 -21"><span class='ocrx_word' id='word_1_233' title='bbox 113 3000 180 3060; x_wconf 86' lang='lat' dir='ltr'><strong><em>XV.</em></strong></span> <span class='ocrx_word' id='word_1_234' title='bbox 213 3003 369 3062; x_wconf 85' lang='lat' dir='ltr'><strong><em>Suetonius</em></strong></span> <span class='ocrx_word' id='word_1_235' title='bbox 383 3001 566 3081; x_wconf 82' lang='lat' dir='ltr'><strong><em>Tranquillus</em></strong></span> <span class='ocrx_word' id='word_1_236' title='bbox 589 3005 630 3064; x_wconf 89' lang='lat' dir='ltr'><strong><em>de</em></strong></span> <span class='ocrx_word' id='word_1_237' title='bbox 646 3004 771 3064; x_wconf 88' lang='lat' dir='ltr'><strong><em>Rebus</em></strong></span> <span class='ocrx_word' id='word_1_238' title='bbox 791 3005 907 3062; x_wconf 79' lang='lat' dir='ltr'><strong><em>veniis</em></strong></span> <span class='ocrx_word' id='word_1_239' title='bbox 930 3003 1056 3079; x_wconf 86' lang='lat' dir='ltr'><strong><em>Praepo-</em></strong></span> 
     </span>
     <span class='ocr_line' id='line_1_34' title="bbox 71 3086 1057 3165; baseline -0.004 -19"><span class='ocrx_word' id='word_1_240' title='bbox 71 3088 186 3161; x_wconf 86' lang='lat' dir='ltr'><strong><em>tiones,</em></strong></span> <span class='ocrx_word' id='word_1_241' title='bbox 203 3087 305 3165; x_wconf 84' lang='lat' dir='ltr'><strong><em>inquit,</em></strong></span> <span class='ocrx_word' id='word_1_242' title='bbox 318 3104 418 3146; x_wconf 89' lang='lat' dir='ltr'><strong><em>omnes</em></strong></span> <span class='ocrx_word' id='word_1_243' title='bbox 434 3089 548 3147; x_wconf 90' lang='lat' dir='ltr'><strong><em>omnino</em></strong></span> <span class='ocrx_word' id='word_1_244' title='bbox 566 3098 631 3148; x_wconf 92' lang='lat' dir='ltr'><strong><em>sunl</em></strong></span> <span class='ocrx_word' id='word_1_245' title='bbox 640 3088 752 3149; x_wconf 82' lang='lat' dir='ltr'><strong><em>Graece</em></strong></span> <span class='ocrx_word' id='word_1_246' title='bbox 768 3087 975 3163; x_wconf 79' lang='lat' dir='ltr'><strong><em>duodeviginti,</em></strong></span> <span class='ocrx_word' id='word_1_247' title='bbox 993 3086 1057 3163; x_wconf 83' lang='lat' dir='ltr'><strong><em>(qui</em></strong></span> 
     </span>
     <span class='ocr_line' id='line_1_35' title="bbox 69 3170 1056 3248; baseline -0.004 -18"><span class='ocrx_word' id='word_1_248' title='bbox 69 3188 189 3230; x_wconf 82' lang='lat' dir='ltr'><strong><em>umerus</em></strong></span> <span class='ocrx_word' id='word_1_249' title='bbox 214 3172 290 3229; x_wconf 80' lang='lat' dir='ltr'><strong><em>iuter</em></strong></span> <span class='ocrx_word' id='word_1_250' title='bbox 312 3188 411 3230; x_wconf 88' lang='lat' dir='ltr'><strong><em>omnes</em></strong></span> <span class='ocrx_word' id='word_1_251' title='bbox 434 3173 551 3230; x_wconf 84' lang='lat' dir='ltr'><strong><em>criticos</em></strong></span> <span class='ocrx_word' id='word_1_252' title='bbox 574 3173 776 3248; x_wconf 83' lang='lat' dir='ltr'><strong><em>grammaticos</em></strong></span> <span class='ocrx_word' id='word_1_253' title='bbox 799 3170 933 3248; x_wconf 83' lang='lat' dir='ltr'><strong><em>proiecto</em></strong></span> <span class='ocrx_word' id='word_1_254' title='bbox 951 3186 1056 3229; x_wconf 89' lang='lat' dir='ltr'><strong><em>conve·</em></strong></span> 
     </span>
     <span class='ocr_line' id='line_1_36' title="bbox 69 3253 1057 3334; baseline -0.005 -20"><span class='ocrx_word' id='word_1_255' title='bbox 69 3256 108 3334; x_wconf 92' lang='lat' dir='ltr'><strong><em>it)</em></strong></span> <span class='ocrx_word' id='word_1_256' title='bbox 126 3262 326 3314; x_wconf 83' lang='lat' dir='ltr'><strong><em>nostresvero</em></strong></span> <span class='ocrx_word' id='word_1_257' title='bbox 344 3273 411 3314; x_wconf 90' lang='lat' dir='ltr'><strong><em>esse</em></strong></span> <span class='ocrx_word' id='word_1_258' title='bbox 427 3253 494 3314; x_wconf 88' lang='lat' dir='ltr'><strong><em>has:</em></strong></span> <span class='ocrx_word' id='word_1_259' title='bbox 511 3255 557 3334; x_wconf 82' lang='lat' dir='ltr'><strong><em>ab,</em></strong></span> <span class='ocrx_word' id='word_1_260' title='bbox 574 3256 620 3328; x_wconf 72' lang='lat' dir='ltr'><strong><em>ud,</em></strong></span> <span class='ocrx_word' id='word_1_261' title='bbox 638 3263 764 3334; x_wconf 85' lang='lat' dir='ltr'><strong><em>practer,</em></strong></span> <span class='ocrx_word' id='word_1_262' title='bbox 780 3271 844 3332; x_wconf 79' lang='lat' dir='ltr'><strong><em>pro⁷</em></strong></span> <span class='ocrx_word' id='word_1_263' title='bbox 862 3269 1057 3330; x_wconf 83' lang='lat' dir='ltr'><strong><em>prue‚prcpe,</em></strong></span> 
     </span>
     <span class='ocr_line' id='line_1_37' title="bbox 69 3335 1055 3416; baseline -0.003 -19"><span class='ocrx_word' id='word_1_264' title='bbox 69 3358 94 3414; x_wconf 90' lang='grc' dir='ltr'><strong><em>ι,</em></strong></span> <span class='ocrx_word' id='word_1_265' title='bbox 115 3355 171 3413; x_wconf 85' lang='lat' dir='ltr'><strong><em>ex,</em></strong></span> <span class='ocrx_word' id='word_1_266' title='bbox 188 3337 259 3414; x_wconf 81' lang='lat' dir='ltr'><strong><em>sub,</em></strong></span> <span class='ocrx_word' id='word_1_267' title='bbox 278 3357 381 3416; x_wconf 77' lang='lat' dir='ltr'><strong><em>super,</em></strong></span> <span class='ocrx_word' id='word_1_268' title='bbox 399 3337 507 3398; x_wconf 85' lang='lat' dir='ltr'><strong><em>subter.</em></strong></span> <span class='ocrx_word' id='word_1_269' title='bbox 552 3336 651 3398; x_wconf 87' lang='lat' dir='ltr'><strong><em>lulius</em></strong></span> <span class='ocrx_word' id='word_1_270' title='bbox 668 3337 828 3398; x_wconf 84' lang='lat' dir='ltr'><strong><em>Romanus</em></strong></span> <span class='ocrx_word' id='word_1_271' title='bbox 845 3336 931 3415; x_wconf 91' lang='lat' dir='ltr'><strong><em>apud</em></strong></span> <span class='ocrx_word' id='word_1_272' title='bbox 946 3335 1055 3397; x_wconf 80' lang='lat' dir='ltr'><strong><em>Citari·</em></strong></span> 
     </span>
     <span class='ocr_line' id='line_1_38' title="bbox 68 3420 302 3499; baseline -0.004 -17"><span class='ocrx_word' id='word_1_273' title='bbox 68 3421 132 3482; x_wconf 89' lang='lat' dir='ltr'><strong><em>ium</em></strong></span> <span class='ocrx_word' id='word_1_274' title='bbox 145 3439 178 3499; x_wconf 93' lang='lat' dir='ltr'><strong><em>p.</em></strong></span> <span class='ocrx_word' id='word_1_275' title='bbox 197 3430 253 3482; x_wconf 83' lang='lat'><strong><em>210</em></strong></span> <span class='ocrx_word' id='word_1_276' title='bbox 269 3420 302 3481; x_wconf 89' lang='lat' dir='ltr'><strong><em>P.</em></strong></span> 
     </span>
    </p>

    <p class='ocr_par' dir='ltr' id='par_1_10' title="bbox 115 3502 1057 3584">
     <span class='ocr_line' id='line_1_39' title="bbox 115 3502 1057 3584; baseline -0.008 -18"><span class='ocrx_word' id='word_1_277' title='bbox 115 3505 320 3566; x_wconf 82' lang='lat' dir='ltr'><strong><em>Praevenbium</em></strong></span> <span class='ocrx_word' id='word_1_278' title='bbox 344 3524 378 3566; x_wconf 87' lang='lat' dir='ltr'><strong><em>an</em></strong></span> <span class='ocrx_word' id='word_1_279' title='bbox 403 3506 570 3566; x_wconf 81' lang='lat' dir='ltr'><strong><em>adverbium</em></strong></span> <span class='ocrx_word' id='word_1_280' title='bbox 591 3505 646 3564; x_wconf 87' lang='lat' dir='ltr'><strong><em>dici</em></strong></span> <span class='ocrx_word' id='word_1_281' title='bbox 670 3502 809 3584; x_wconf 81' lang='lat' dir='ltr'><strong><em>debeutll</em></strong></span> <span class='ocrx_word' id='word_1_282' title='bbox 845 3505 999 3567; x_wconf 86' lang='lat' dir='ltr'><strong><em>Suetonius</em></strong></span> <span class='ocrx_word' id='word_1_283' title='bbox 1016 3511 1057 3560; x_wconf 78' lang='lat' dir='ltr'><strong><em>et·</em></strong></span> 
     </span>
    </p>
   </div>
   <div class='ocr_carea' id='block_1_4' title="bbox 0 0 1132 3930">
    <p class='ocr_par' dir='ltr' id='par_1_11' title="bbox 0 0 1132 3930">
     <span class='ocr_line' id='line_1_40' title="bbox 0 0 1132 3930; baseline 0 0"><span class='ocrx_word' id='word_1_284' title='bbox 0 0 1132 3930; x_wconf 95' lang='lat' dir='ltr'><strong><em> </em></strong></span> 
     </span>
    </p>
   </div>
  </div>
 </body>
</html>
