2256 3930
130 239 178 287 XX
467 237 673 285 PRAEFATIO·

132 396 208 453 multi
235 397 269 452 ab
295 395 449 451 editoribus
472 395 518 450 vel
544 395 645 451 leviter
670 395 790 466 inspecti
812 394 858 451 vel
883 393 1038 464 diligenter
1072 412 1074 417 ’

132 479 227 535 collati
244 484 315 534 aunt.
361 478 408 533 Sic
423 484 453 532 ut
466 479 603 550 exemplis
620 485 697 548 utar,
715 478 829 533 Parisiis
848 477 875 532 in
893 478 1038 549 lmperiali
1072 505 1074 608 q

131 562 302 618 bibliotheca
322 561 388 617 libri
412 561 500 616 XXIV
516 578 629 618 numero
651 567 815 631 servantur,
837 577 888 632 per
903 559 1037 617 Alamao-
1072 615 1073 618 ,

131 645 389 714 niemssasilieuses,
404 644 617 715 Friburgenses‚
635 645 802 700 Turiccnses
815 643 953 714 singulos,
969 645 1037 700 Ber·
1070 644 1074 748 Ι

130 746 232 784 nenses
249 725 316 803 (oon
331 723 510 800 Bremenses)
526 729 596 784 duos
610 730 721 784 babent.
767 729 824 784 Sed
845 727 873 781 in
888 733 966 782 tento
987 743 1037 782 nu-

131 828 208 868 mero
230 811 312 884 pauci
333 818 413 879 sunt,
435 827 549 882 quoram
571 812 722 868 collatione
739 811 824 866 hodio
846 810 1036 866 Suetonianus

131 895 203 950 liber
216 894 342 951 adiuvari
354 910 439 966 posse
449 894 585 950 videatur.
609 894 643 949 Et
655 895 818 966 antiquitate
830 900 858 948 et
872 893 1036 963 integritate

130 978 265 1048 reliquos,
273 983 408 1048 quotquot
420 978 508 1032 adhuc
519 977 707 1051 innotuerunt,
716 993 811 1033 omnes
824 978 907 1047 longe
919 983 1037 1048 superat

131 1060 1034 1155 etquasiobscnratblcmmianusliberl'arisinusdllb.

129 1144 225 1214 ltaque
241 1145 324 1215 paulo
340 1142 482 1214 copiosius
499 1144 534 1198 de
554 1160 589 1200 co
604 1145 750 1200 dicendum
766 1143 904 1198 existimo.
1072 1099 1074 1194 i

69 1235 121 1326 rqm
191 1227 307 1296 Prodiit,
326 1222 1035 1299 utiamdiximus,eTuronensibibliotheca(in-
1072 1261 1074 1297 ,

69 1297 245 1382 'scripsit
260 1309 331 1364 enim
346 1325 420 1364 saec.
439 1309 502 1364 Xlll
517 1311 746 1366 bibliothecarius
764 1309 879 1380 aliquis:
895 1308 970 1364 iste
989 1309 1034 1364 li-

130 1395 196 1448 ber
212 1399 265 1447 est
283 1393 324 1447 de
347 1393 499 1448 armario
520 1395 560 1448 br
575 1393 717 1450 martini
736 1390 811 1464 tir)
830 1407 901 1446 anno
918 1392 1074 1447 circiter

131 1482 197 1535 1562
214 1492 264 1547 per
278 1476 389 1545 turbas,
408 1481 437 1529 ut
454 1492 508 1546 ego
524 1477 669 1546 existimo,
684 1476 873 1545 llugenoticas
889 1475 1033 1545 pervenit-

131 1576 183 1630 que
204 1559 232 1613 in
256 1559 453 1614 bibliothecam
475 1560 587 1615 Henrici
603 1559 720 1614 Memmii
743 1555 794 1631 (de
808 1551 942 1630 llesoaes)
966 1575 1033 1630 sup-

128 1642 229 1713 plicum
244 1642 402 1697 libellorum
419 1643 446 1696 in
461 1643 540 1712 regia
555 1643 689 1712 magistri.
719 1641 785 1696 Nam
802 1641 1032 1712 quodRobertum
1072 1704 1074 1716 ¹

129 1725 296 1796 Stephanum
328 1724 355 1778 in
377 1726 546 1780 emendanda
571 1725 694 1780 editione
719 1725 844 1780 Parisina
876 1724 941 1778 anni
964 1731 1032 1784 1543

127 1807 288 1863 Memmiano
311 1807 409 1862 codice
425 1825 503 1862 usum
519 1825 582 1863 esse
598 1808 732 1863 Graevius
750 1807 854 1877 aliique
871 1806 1030 1877 voluerunt,

127 1891 157 1945 id
186 1891 284 1946 laisum
315 1885 400 1962 est⁷).
445 1891 566 1961 Primus,
595 1896 722 1961 quantum
746 1889 919 1960 investigare
941 1890 1028 1961 potui,

126 1973 288 2029 blemmiano
326 1973 417 2028 codici
452 1990 565 2045 operam
595 1974 672 2029 dedit
700 1973 854 2028 Hadrianus
885 1972 1029 2028 Turnebus

127 2075 152 2112 a·
170 2062 252 2124 1564,
275 2056 320 2127 qui
344 2056 371 2110 in
388 2057 619 2112 Adversariorum
642 2055 1030 2128 partemedialih.13—24
1072 2064 1074 2079 “

125 2140 223 2195 Errico
235 2139 360 2195 Memmio
372 2140 510 2209 dedicata,
526 2157 615 2211 neque
631 2146 719 2196 tamen
735 2139 795 2194 eius
808 2138 917 2194 nomine
929 2139 1030 2194 librum
1073 2151 1074 2159 ¹

126 2224 269 2295 appellere
284 2239 379 2292 ausus,
395 2225 478 2279 multa
493 2224 558 2278 inde
574 2224 682 2295 prolata
699 2221 910 2283 commendavit.
946 2221 1031 2276 Simi-
1070 2261 1074 2326 q

125 2307 190 2361 liter
205 2313 233 2360 et
248 2306 345 2361 Petrus
361 2301 524 2379 Pithoeus⁸l
544 2313 571 2361 et
589 2301 740 2379 loannes⁹)
764 2303 947 2376 Obsopoeus‚
969 2321 1031 2361 curu
1072 2379 1074 2383 ἲ

122 2417 331 2427 0———---

193 2481 222 2544 7)
241 2485 373 2534 Lectiones
390 2486 574 2546 consideranti,
591 2501 654 2547 quos
671 2485 814 2551 Stephanus
831 2485 928 2549 primus
944 2485 971 2532 ln
990 2498 1029 2534 or·

123 2552 208 2600 dinem
222 2552 356 2601 verborum
375 2554 483 2618 recepit,
509 2555 640 2618 apparebit
658 2555 690 2603 ed
707 2569 810 2603 manum
828 2554 851 2602 ei
866 2553 931 2602 duos
950 2553 1030 2602 libros
1073 2597 1074 2606 ,

123 2621 231 2685 scriptos
248 2619 343 2680 luisse,
363 2635 468 2682 quorum
487 2623 593 2671 alterum
612 2623 724 2672 codicem
742 2623 883 2672 Parisinum
901 2619 971 2670 erlo
990 2620 1031 2669 vel
1072 2622 1074 2640 '

122 2688 191 2739 5802
210 2688 289 2737 luisse
308 2689 429 2749 arbitror,
451 2690 558 2740 alterum
577 2690 686 2740 similem
704 2692 813 2754 aliquem
832 2688 936 2738 hledicel
953 2689 1031 2752 primi

122 2765 146 2805 et
167 2757 301 2820 Gopesiani
326 2765 350 2805 et
373 2756 502 2818 Hulsinni‚
530 2758 638 2808 fortasse
663 2759 804 2808 Parisinum
829 2758 928 2822 regium
949 2755 1029 2807 5801.

121 2825 163 2874 Ad
181 2825 243 2873 illud
260 2840 341 2889 genus
360 2824 423 2873 haec
441 2828 583 2890 pertinent:
600 2842 626 2892 p.
646 2827 689 2882 63,
704 2826 738 2877 26
755 2835 779 2878 et
799 2836 825 2876 ut
842 2841 922 2884 anuo,-
940 2840 966 2888 p.
987 2824 1029 2884 85,

121 2893 139 2941 4
154 2895 203 2943 iam
222 2901 297 2952 tunm·
308 2909 333 2958 p.
349 2892 409 2954 213,
427 2892 444 2943 6
461 2903 542 2946 tamen
560 2895 695 2955 omissum;
714 2911 739 2960 p.
753 2894 812 2955 218,
826 2895 857 2943 12
876 2897 1031 2951 lactassent,-

120 2976 146 3026 p.
166 2961 234 3021 237,
261 2962 273 3009 l
302 2969 327 3012 et
343 2965 501 3022 statuamus,-
525 2979 550 3028 p.
570 2964 637 3026 252,
656 2965 674 3013 4
691 2973 805 3014 conatur.
843 2961 883 3010 hd
902 2963 1030 3024 posterius

120 3028 200 3077 haec:
219 3045 244 3094 p.
263 3029 303 3090 11,
322 3029 356 3080 36
369 3032 575 3096 fluminibusqae;
593 3047 619 3096 p.
633 3032 674 3092 37,
696 3032 749 3082 let
771 3031 908 3080 omissum:
927 3044 952 3092 p.
970 3029 1029 3082 142.

120 3096 137 3148 6
163 3106 301 3161 caperent,·
328 3114 355 3163 p.
375 3100 440 3158 244,
465 3100 498 3150 19
522 3109 546 3149 et
575 3101 728 3152 melbodium.
764 3098 908 3148 Memmiani
933 3097 1030 3146 codicis

120 3166 188 3230 epud
209 3164 363 3231 Stephanum
382 3181 431 3232 ego
451 3183 482 3216 ne
500 3169 636 3232 vestigium
655 3169 756 3231 quidem
773 3167 866 3232 reperi.

188 3233 218 3296 8)
232 3234 351 3284 Pithoeus
367 3235 417 3284 iam
437 3236 463 3284 in
475 3234 618 3285 Subsecivis
639 3238 692 3285 suis
704 3236 803 3285 Octobri
820 3249 907 3283 mense
923 3248 947 3285 a.
961 3233 1029 3284 1564

122 3303 196 3351 editis
207 3304 326 3352 nonnulla
339 3319 353 3350 e
367 3307 476 3352 ‘vetusto
487 3312 510 3352 et
520 3304 613 3368 optimo
625 3303 700 3353 libro'
711 3304 836 3369 prodidit;
847 3303 920 3367 plura
932 3301 1030 3351 Caseu-

123 3371 213 3429 bonus,
225 3372 267 3433 qui
278 3371 415 3420 Pithocana
426 3383 545 3436 excerpta
557 3386 580 3421 a.
596 3370 661 3422 1594
672 3388 717 3437 per
730 3372 848 3420 Iacobum
858 3371 1030 3435 Bongarsium

122 3452 180 3486 acce
199 3448 260 3489 erat.

180 3453 219 3565 P9)
232 3505 349 3555 Bar-thius
362 3507 494 3571 aliquoties
507 3507 666 3556 Vincentlnm
677 3507 836 3573 Obsopoeum
851 3507 974 3571 adiungit,
987 3522 1027 3556 se-
