2286 3944
110 219 151 281 36
195 229 224 277 c.
243 225 393 276 souuonr
411 224 540 284 unaue.
553 223 602 270 nn
620 218 704 272 vius
721 223 907 272 erasmum
924 223 993 270 mn.
1008 224 1032 270 1.

172 383 205 443 ln
231 399 340 441 summo
365 379 483 460 publico
513 379 592 438 luctu
621 388 786 438 exterarum
810 380 939 456 gentium
966 378 1119 438 multitudo

111 466 270 528 circulatim
292 484 345 526 suo
364 481 496 544 quaeque
524 480 607 522 more
631 463 785 522 lamentata
807 470 866 540 est,
898 465 1120 542 praecipueque

109 551 225 628 ludaei,
246 552 294 630 qui
318 551 404 609 etiam
425 546 561 608 noctibus
586 548 729 607 continuis
750 546 864 606 bustum
888 546 1119 625 frequentarunt.

69 635 198 701 flol'lebs
213 636 308 694 statim
325 652 342 694 a
357 634 460 692 iuuere
475 632 512 692 ad
529 631 644 692 domurn
665 631 744 690 Bruti
759 639 789 690 et
807 629 901 690 Cassii
921 649 985 690 cum
1005 631 1120 691 facibus

109 719 232 780 tetendit
246 728 333 798 atque
356 736 447 794 aegre
468 716 602 795 repulsa,
626 715 742 774 obvium
765 714 821 774 sibi
843 714 977 774 Helvium
1000 714 1139 778 Cinnanis

110 822 165 882 per
178 803 323 862 'errorem
343 802 477 879 nominis,
505 803 587 880 quasi
606 798 761 860 Cornelius
783 801 808 858 is
831 808 920 877 esset,
944 818 1031 879 quem
1053 819 1120 877 gra-

110 889 187 948 viter
202 887 295 967 pridie
319 889 514 947 contionatum
532 886 568 946 de
588 882 715 945 Caesare
738 883 925 963 requirebat,
948 884 1058 944 occidit
1075 902 1120 943 ca-

112 980 222 1052 putque
246 972 308 1031 eius
336 971 496 1050 praefixum
517 968 618 1029 hastae
645 968 833 1038 circumtulit;
865 977 971 1046 postea
998 968 1121 1028 solidam

114 1055 276 1116 columnam
294 1071 389 1133 prope
407 1055 507 1130 viginti
529 1052 635 1132 pedum
650 1052 756 1133 lapidis
770 1051 915 1112 Numidici
932 1055 960 1112 in
978 1052 1047 1112 foro
1065 1062 1120 1112 sta·

112 1141 166 1200 tuit
178 1139 368 1218 scripsitque:
398 1136 548 1197 Parenti
569 1136 731 1198 Patriae.
760 1137 848 1216 Apud
860 1154 923 1196 eam
940 1137 1031 1214 longo
1049 1147 1143 1196 tem-1

114 1242 189 1303 pore
208 1224 390 1300 sacrificare,
415 1229 482 1280 vota
499 1223 667 1300 suscipere,
687 1223 906 1282 controversias
922 1221 1061 1300 quasdam
1080 1224 1120 1279 in-

114 1310 259 1388 terposito
273 1325 326 1386 per
339 1303 497 1364 Gaesarem
512 1306 708 1366 iureiurando
727 1305 891 1366 distrahere
908 1308 1120 1384 perseveravit.

70 1399 105 1455 86
178 1391 381 1468 Suspicionem
403 1387 514 1449 Gaesar
537 1390 709 1471 quibusdam
726 1408 844 1450 suorum
866 1390 998 1470 reliquit,
1025 1408 1121 1468 neque

112 1475 243 1536 voluisse
267 1493 299 1534 se
327 1473 432 1533 diutius
458 1474 577 1553 vivere,
602 1493 698 1554 neque
722 1493 843 1535 curasse
864 1474 943 1554 qnod
964 1474 1121 1534 valitudine

111 1560 205 1619 minus
222 1576 367 1639 prospera
388 1566 532 1636 uteretur,
562 1560 688 1638 ideoque
704 1567 733 1618 et
748 1577 823 1638 quae
841 1560 1006 1636 religiones
1021 1577 1138 1618 mone-1

111 1651 177 1704 rent
192 1651 221 1703 et
237 1661 311 1722 quae
328 1643 524 1703 renuntiarent
539 1645 623 1704 amici
640 1644 821 1722 neglexisse.
845 1644 917 1703 Sunt
939 1645 986 1722 qui
1011 1652 1121 1723 putent,

113 1727 253 1789 confisum
278 1745 343 1787 cum
364 1728 525 1786 novissimo
554 1729 606 1789 illo
636 1737 755 1787 senatus
780 1727 914 1787 consulto
939 1746 975 1787 ac
995 1729 1058 1786 inre
1081 1730 1121 1785 iu-

111 1810 203 1872 rando
224 1813 311 1871 etiam
332 1810 479 1871 custodias
497 1811 694 1892 Hispanorum
712 1830 776 1871 cnm
795 1811 901 1888 gladiis
916 1811 1120 1890 adinspectan·

112 1897 182 1955 tium
199 1913 232 1956 se
250 1896 423 1955 removisse.
452 1895 511 1956 Alii
533 1896 681 1956 ediverso
702 1898 873 1975 opinantur,
903 1895 1024 1954 insidias
1042 1896 1120 1954 undi-

114 1999 171 2061 que
191 1980 364 2040 imminentis
391 1979 489 2039 subire
521 1981 612 2040 semel
638 1999 722 2059 quam
749 1979 919 2040 caverem
943 1980 1121 2059 [sollicitum

113 2063 273 2127 mulnisae.
303 2060 439 2138 Quidam
454 2064 558 2126 dicere
580 2064 683 2143 etiarn]
705 2064 822 2124 solitum
835 2064 946 2142 ierunt,
973 2062 1047 2127 Non
1061 2071 1122 2124 torn

113 2165 175 2211 ane
189 2165 283 2230 qnam
296 2147 504 2226 reipublicae
517 2149 678 2225 interesse,
699 2149 746 2208 nti
763 2147 873 2209 antona
887 2155 984 2208 esset:
1012 2166 1047 2208 ae
1060 2148 1121 2208 inm

48 2282 51 2288 .
110 2232 234 2313 pridem
249 2233 409 2312 peronnae
420 2233 602 2314 gloriaeque
617 2232 742 2293 abunde
757 2232 924 2310 adeptam
939 2251 1006 2293 rem
1019 2231 1119 2310 pobli-

114 2333 200 2396 cnm,
222 2317 253 2378 at
275 2316 351 2397 qnid
371 2317 434 2378 aibr·
458 2319 608 2394 eveniret,
639 2334 738 2395 neque
762 2317 895 2396 quietern
917 2316 991 2396 fore
1011 2323 1041 2377 et
1064 2317 1119 2378 nlr'·

70 2417 103 2473 87
115 2407 230 2481 qnnnto
245 2400 400 2462 deteriore
421 2402 595 2463 conditione
613 2401 720 2462 cicilio
736 2400 818 2463 della
832 2399 1017 2462 snbitnrnrn.
1049 2400 1121 2461 Illud

113 2485 200 2564 plane
215 2485 292 2545 inter
309 2502 410 2546 omnes
427 2487 492 2546 fere
510 2487 655 2562 constitit,
679 2486 767 2546 talem
789 2486 817 2544 ei
833 2494 957 2545 mortem
978 2504 1074 2564 paene
1087 2505 1122 2546 en

113 2571 256 2630 sententia
277 2567 431 2646 obtigisse.
454 2570 527 2630 Nam
544 2580 572 2629 et
589 2568 749 2648 quondam,
770 2587 834 2629 cum
849 2570 926 2648 apud
941 2569 1120 2648 Xenophon·

113 2662 172 2713 tem
186 2653 311 2731 legisset
327 2652 434 2729 Cyrum
457 2655 555 2715 ultima
573 2653 730 2714 valitudine
753 2654 907 2714 mandasse
924 2653 1067 2734 quaedam
1088 2654 1121 2714 de

112 2738 216 2797 funere
238 2756 309 2814 suo,
344 2748 516 2816 aspernatus
543 2747 600 2797 tam
624 2738 733 2802 lentum
759 2739 860 2798 mortis
880 2756 974 2816 genus
1001 2738 1122 2799 subitam

114 2821 170 2882 sibi
192 2821 378 2901 celeremque
400 2831 567 2901 optaverat;
588 2831 617 2880 et
638 2822 731 2900 pridie
754 2841 839 2902 quam
865 2821 1071 2900 occideretur,
1096 2825 1122 2882 in

114 2922 249 2966 sermone
269 2914 338 2967 nato
365 2925 453 2985 super
479 2924 598 2966 caenam
616 2906 692 2985 apud
711 2907 841 2968 Marcum
862 2906 1016 2986 lepidum,
1047 2909 1121 2987 quis-

112 3007 178 3049 nam
194 2998 274 3051 esset
298 2991 363 3049 linis
385 2991 463 3051 vitae
484 2989 752 3070 commodissimus,
779 2993 963 3069 repentinum
990 2992 1120 3070 inopina-

112 3082 231 3152 tumque
245 3073 433 3153 praetulerat.

69 3178 106 3235 gg
178 3157 268 3218 Periit
290 3165 375 3218 sexto
401 3167 430 3217 et
450 3160 711 3238 quinquagensimo
740 3160 842 3220 aetatis
872 3177 948 3219 anno
979 3168 1067 3239 atque
1094 3160 1120 3218 in

113 3239 235 3300 deorum
256 3258 403 3301 numerum
424 3243 533 3303 relatus
557 3252 619 3319 est,
648 3262 706 3303 non
721 3261 774 3305 ore
795 3242 882 3303 modo
905 3242 1120 3304 decernentium
1142 3268 1143 3271 ¹

113 3322 166 3384 sed
182 3333 211 3383 et
223 3328 416 3403 persuasione
435 3329 527 3405 volgi.
552 3328 700 3408 Siquidem
722 3327 807 3405 ludis,
823 3345 899 3407 qnos
920 3331 1031 3407 primos
1054 3348 1119 3391 con-

113 3417 229 3469 secrato
248 3410 276 3468 ei
293 3407 383 3470 heres
398 3410 549 3490 Augustus
571 3412 693 3490 edebat,
720 3412 806 3472 stella
822 3413 923 3472 crinita
938 3432 992 3492 per
1008 3424 1120 3493 septem

116 3491 270 3553 continuos
282 3491 345 3554 dies
358 3494 450 3574 lulsit,
463 3497 603 3577 exoriens
617 3499 695 3556 circa
708 3496 888 3556 undecimam
900 3496 1015 3574 horam,
1029 3499 1120 3559 credi·
