2286 3944
23 212 30 227 ·
127 183 188 246 184
216 194 245 242 c.
258 193 408 242 sonrour
424 193 552 254 nanno.
565 194 613 242 on
628 192 712 242 v1rs
727 192 912 242 causacum
927 195 1000 242 nm.
1014 196 1062 244 v1.

39 358 45 365 “
123 348 261 427 silvisque
276 349 371 424 varia,
389 366 453 407 cum
476 347 653 408 multitudine
673 347 765 407 omnis
786 347 905 425 generis
926 348 1070 427 pecudum
1091 366 1123 410 ao

122 433 258 492 ferarum.
301 431 334 491 In
350 432 456 491 ceteris
472 430 603 509 partibus
618 439 721 492 cuncta
736 447 806 491 auro
818 431 879 508 lita,
896 431 1033 492 distincta
1046 450 1120 511 gem·

122 517 175 575 mis
192 516 384 593 unionumque
407 514 527 574 conchis
546 523 640 584 erant;
664 517 848 575 caenationes
868 514 1025 594 laqueatae
1045 516 1118 576 tabu·

122 599 158 659 lis
173 597 310 659 eburneis
324 598 520 675 versatilibus,
535 607 566 658 ut
581 598 679 676 dores,
695 598 845 676 fistulatis,
863 607 894 658 ut
910 608 1059 676 unguenta
1073 600 1116 659 de·

122 701 211 761 snper
236 691 458 762 spargerentur;
487 683 643 762 praecipua
669 683 867 742 caenationum
888 683 1027 760 rotunda,
1049 701 1133 762 quaer

123 775 267 846 perpetuo
281 765 383 826 diebus
396 784 432 827 ac
446 766 580 826 noctibus
596 767 662 825 vice
676 764 771 825 mundi
786 766 1050 843 circumageretnr;
1072 767 1117 826 ba·

122 850 218 911 lineae
232 851 348 910 marinis
365 859 394 910 et
413 850 519 910 albulis
538 849 661 910 fluentes
681 849 772 928 aquis.
816 848 887 910 Eius
909 849 988 910 modi
1010 850 1116 910 domum

123 952 187 994 cum
200 934 359 995 absolutam
373 931 531 1010 dedicaret,
545 932 684 993 hactenus
701 932 918 1012 comprobavit,
940 942 972 993 nt
989 951 1024 994 re
1044 934 1112 994 dice

122 1027 169 1078 ret
183 1018 276 1098 quasi
288 1016 438 1079 bominem
452 1016 575 1077 tondens
588 1014 733 1077 babitare
747 1017 896 1096 coepisse.

181 1101 338 1164 Praeterea
352 1099 505 1160 inchoabat
519 1101 659 1180 piscinam
681 1118 698 1161 a
719 1100 830 1161 bliseno
853 1100 889 1162 ad
910 1100 1059 1161 Avernum
1079 1101 1135 1161 ho

123 1203 196 1264 cum,
215 1194 378 1246 contectam
393 1184 610 1263 porticibusque
626 1183 806 1261 conclusam,
824 1201 881 1264 quo
899 1185 1037 1264 quidquid
1052 1185 1111 1245 totis

121 1269 188 1330 bais
213 1269 366 1330 calidarum
397 1285 534 1344 aquarum
569 1277 649 1327 esset
682 1277 914 1338 converteretur}
943 1269 1055 1330 iossam
1080 1267 1111 1328 ab

121 1353 241 1413 hvemo
256 1351 363 1412 Ostiam
380 1368 483 1428 usque,
499 1359 529 1409 ut
544 1350 665 1411 navibus
680 1369 736 1411 nec
751 1361 846 1412 tamen
859 1353 1042 1430 mariiretur,
1058 1353 1111 1412 lon-

120 1434 255 1513 gitudinis
272 1452 325 1513 per
340 1443 452 1494 centum
468 1437 620 1512 sexaginta
635 1436 723 1513 milia,
741 1435 911 1513 latitudinis,
933 1445 990 1513 qua
1007 1445 1110 1496 contra·

119 1519 180 1578 riae
196 1519 417 1597 quinqueremes
432 1528 634 1579 commearent.
678 1520 805 1594 Quorum
827 1537 947 1598 operum
964 1522 1134 1598 perficior-u

120 1601 220 1662 dorum
238 1603 331 1680 gratia
346 1601 423 1680 quod
437 1602 542 1682 ubique
566 1612 645 1662 esset
665 1602 813 1664 custodiae
836 1605 864 1663 in
877 1602 990 1663 ltaliam
1010 1604 1110 1683 depor-

119 1686 184 1763 tari,
202 1687 287 1747 etiarn
304 1686 419 1745 scelere
435 1687 587 1747 convictos
602 1687 714 1746 nonnisi
734 1685 771 1746 ad
794 1705 868 1766 opus
889 1685 1016 1748 damnari
1036 1704 1112 1768 prae·

120 1779 251 1848 ceperat.

183 1852 230 1913 Ad
244 1853 318 1913 huno
330 1854 537 1932 impendiorum
549 1854 687 1931 furorem,
696 1871 784 1932 super
797 1853 928 1914 fiduciam
940 1854 1064 1932 imperii,
1076 1862 1112 1912 et·

120 1940 176 1999 iam
189 1957 242 2017 spe
257 1937 377 2017 quadam
392 1939 543 2017 repentina
555 1939 754 1997 immensarum
767 1946 795 1996 et
807 1936 1021 1996 reconditarum
1031 1945 1132 2015 opunti

120 2022 259 2102 impulsus
288 2031 333 2082 est
361 2039 399 2081 ex
416 2022 520 2083 indicio
541 2023 646 2101 equitis
670 2021 705 2081 ll.
725 2037 780 2100 pro
803 2030 953 2099 comperto
975 2021 1111 2099 pollicen-

119 2108 167 2184 tis,
185 2105 338 2167 thesauros
353 2107 565 2185 antiquissimae
580 2123 681 2183 gazae,
695 2121 767 2184 quos
781 2103 856 2164 Dido
878 2105 980 2181 regina
1001 2105 1111 2181 fugiens

120 2189 199 2266 'l'vro
217 2208 315 2251 secum
337 2190 499 2268 extulisset,
520 2208 586 2250 esse
607 2191 635 2248 in
657 2187 758 2248 Africa
778 2189 948 2248 vastissimis
969 2187 1111 2266 specubus

77 2284 111 2340 aa
123 2273 246 2350 abditos,
263 2292 298 2334 ac
314 2291 402 2353 posse
422 2275 483 2334 erui
500 2274 619 2353 parvula
636 2273 812 2333 molientium
826 2288 926 2350 opera.
957 2272 1067 2334 Verum
1085 2279 1111 2330 ut

120 2375 190 2436 spes
206 2356 321 2434 fefellit,
338 2357 506 2435 destitutus,
523 2366 608 2436 atque
623 2358 661 2416 ita
677 2357 732 2416 iam
748 2355 903 2416 exhaustus
924 2363 954 2415 et
972 2374 1066 2434 egens
1085 2362 1132 2414 ott

118 2439 259 2516 stipendia
275 2456 390 2518 quoque
404 2441 522 2500 militum
537 2450 566 2500 et
590 2440 740 2500 commoda
762 2448 964 2499 veteranorum
985 2438 1111 2518 protrahi

117 2539 152 2582 ac
182 2519 290 2581 differri
319 2540 444 2583 necesse
479 2532 574 2601 esset,
609 2524 758 2584 calumniis
791 2524 957 2603 rapinisque
996 2522 1111 2583 intendit

115 2623 247 2666 animum.

179 2687 255 2748 Ante
271 2691 364 2749 omnia
381 2689 515 2767 instituit,
534 2699 564 2749 nt
580 2709 596 2749 e
619 2691 788 2751 libertorum
810 2689 1010 2750 detunctorum
1030 2689 1111 2749 bonis

117 2790 171 2854 pro
187 2774 306 2835 semisse
328 2773 448 2835 dextans
470 2775 497 2833 ei
520 2785 685 2852 cogeretur,
709 2776 838 2853 quisine
862 2773 1007 2853 probabili
1028 2784 1135 2834 causas

117 2875 153 2918 eo
169 2858 283 2917 nomine
299 2866 407 2934 essent,
426 2874 482 2936 qno
499 2858 622 2918 luissent
635 2859 711 2918 ullae
728 2859 854 2919 familiae
871 2875 943 2936 quas
959 2859 1023 2936 ipse
1046 2875 1109 2918 con·

116 2942 257 3019 tingeret;
275 2941 394 3020 deinde,
409 2950 439 3001 ut
456 2944 632 3019 ingratorum
653 2945 681 3001 in
703 2943 864 3021 principem
886 2949 1059 3001 testamenta
1078 2938 1110 2999 ad

116 3110 303 3187 scripsissent
318 3111 366 3170 vel
381 3110 539 3170 dictassent
556 3129 605 3178 ca;
627 3119 694 3169 tnnc
713 3119 744 3169 ut
766 3111 834 3188 lege
857 3111 1016 3169 maiestatis
1035 3109 1110 3168 lacta

115 3191 250 3271 dictaque
269 3197 378 3272 omnia,
401 3193 504 3272 quibus
518 3193 603 3253 modo
620 3194 733 3254 delator
747 3211 805 3253 non
823 3192 956 3269 deesset,
978 3197 1137 3252 tenerer-⁸⁶

113 3283 168 3334 tur.
219 3277 382 3338 Revocavit
403 3287 432 3338 et
455 3279 582 3356 praemia
603 3295 788 3353 coronarum,
811 3295 885 3355 quae
905 3295 1036 3356 umquam
1058 3274 1110 3335 sibi

115 3358 245 3417 civitates
266 3362 294 3418 in
316 3362 518 3421 certaminibus
544 3361 707 3418 dr⁸¹¹¹imm
771 3361 805 3420 tir
828 3379 891 3418 curn
912 3360 1110 3420 interdixisset

113 3458 192 3501 usum
211 3443 380 3499 ametbvetin
469 3445 529 3490 “vri
644 3465 657 3486 ··
717 3444 953 3522 ..montanasque
975 3445 1023 3523 qui
1042 3461 1110 3502 nun-
